{"ts": "2026-05-02T13:21:16.326617+00:00", "symbol": "BTCUSDT", "price": 78340.54, "dom_imbalance": 0.928, "dom_bid_vol": 7.32, "dom_ask_vol": 0.27, "dom_walls": [{"side": "bid", "price": 78340.54, "vol": 5.65446, "x_avg": 29.81}], "cvd_delta": 0.0, "cvd_cumulative": 0.0, "spread_bps": 0.0, "depth_levels": 20}
{"ts": "2026-05-02T13:21:46.694065+00:00", "symbol": "BTCUSDT", "price": 78337.7, "dom_imbalance": -0.9601, "dom_bid_vol": 0.19, "dom_ask_vol": 9.48, "dom_walls": [{"side": "ask", "price": 78337.7, "vol": 5.08398, "x_avg": 21.02}, {"side": "ask", "price": 78338.64, "vol": 0.8931, "x_avg": 3.69}, {"side": "ask", "price": 78338.65, "vol": 0.54784, "x_avg": 2.27}, {"side": "ask", "price": 78340.54, "vol": 2.20298, "x_avg": 9.11}], "cvd_delta": -12.7, "cvd_cumulative": -12.7, "spread_bps": 0.0, "depth_levels": 20}
{"ts": "2026-05-02T13:22:32.705540+00:00", "symbol": "BTCUSDT", "price": 78313.79, "dom_imbalance": -0.3972, "dom_bid_vol": 1.17, "dom_ask_vol": 2.71, "dom_walls": [{"side": "bid", "price": 78313.79, "vol": 0.58258, "x_avg": 6.01}, {"side": "bid", "price": 78312.68, "vol": 0.28192, "x_avg": 2.91}, {"side": "ask", "price": 78313.8, "vol": 2.32628, "x_avg": 23.98}], "cvd_delta": 4.68, "cvd_cumulative": -8.02, "spread_bps": 0.0, "depth_levels": 20}
{"ts": "2026-05-02T13:23:03.096879+00:00", "symbol": "BTCUSDT", "price": 78314.29, "dom_imbalance": -0.6114, "dom_bid_vol": 1.16, "dom_ask_vol": 4.79, "dom_walls": [{"side": "bid", "price": 78314.28, "vol": 0.82299, "x_avg": 5.54}, {"side": "ask", "price": 78314.29, "vol": 4.52463, "x_avg": 30.44}], "cvd_delta": -1.9, "cvd_cumulative": -9.93, "spread_bps": 0.0, "depth_levels": 20}
{"ts": "2026-05-02T13:23:43.559635+00:00", "symbol": "BTCUSDT", "price": 78314.29, "dom_imbalance": 0.3914, "dom_bid_vol": 3.22, "dom_ask_vol": 1.41, "dom_walls": [{"side": "bid", "price": 78314.28, "vol": 3.11828, "x_avg": 26.93}, {"side": "ask", "price": 78314.29, "vol": 1.11895, "x_avg": 9.66}], "cvd_delta": 5.73, "cvd_cumulative": -4.2, "spread_bps": 0.0, "depth_levels": 20}
{"ts": "2026-05-02T13:24:49.909404+00:00", "symbol": "BTCUSDT", "price": 78306.79, "dom_imbalance": -0.7957, "dom_bid_vol": 1.21, "dom_ask_vol": 10.67, "dom_walls": [{"side": "bid", "price": 78306.79, "vol": 0.86164, "x_avg": 2.9}, {"side": "ask", "price": 78306.8, "vol": 6.28714, "x_avg": 21.16}, {"side": "ask", "price": 78309.99, "vol": 1.2502, "x_avg": 4.21}, {"side": "ask", "price": 78310.0, "vol": 2.06849, "x_avg": 6.96}], "cvd_delta": -7.46, "cvd_cumulative": -11.66, "spread_bps": 0.0, "depth_levels": 20}
{"ts": "2026-05-02T13:25:00.135514+00:00", "symbol": "BTCUSDT", "price": 78306.79, "dom_imbalance": -0.4742, "dom_bid_vol": 2.23, "dom_ask_vol": 6.26, "dom_walls": [{"side": "bid", "price": 78306.79, "vol": 1.95022, "x_avg": 9.18}, {"side": "ask", "price": 78306.8, "vol": 2.21817, "x_avg": 10.45}, {"side": "ask", "price": 78309.85, "vol": 1.59907, "x_avg": 7.53}, {"side": "ask", "price": 78309.86, "vol": 2.06842, "x_avg": 9.74}], "cvd_delta": 5.16, "cvd_cumulative": -6.5, "spread_bps": 0.0, "depth_levels": 20}
{"ts": "2026-05-02T13:25:40.736202+00:00", "symbol": "BTCUSDT", "price": 78306.79, "dom_imbalance": -0.1255, "dom_bid_vol": 2.68, "dom_ask_vol": 3.45, "dom_walls": [{"side": "bid", "price": 78306.79, "vol": 2.00057, "x_avg": 13.06}, {"side": "bid", "price": 78305.99, "vol": 0.32916, "x_avg": 2.15}, {"side": "ask", "price": 78306.8, "vol": 1.49027, "x_avg": 9.73}, {"side": "ask", "price": 78309.85, "vol": 1.59907, "x_avg": 10.44}], "cvd_delta": 0.98, "cvd_cumulative": -5.51, "spread_bps": 0.0, "depth_levels": 20}
{"ts": "2026-05-02T13:26:21.314517+00:00", "symbol": "BTCUSDT", "price": 78306.79, "dom_imbalance": 0.954, "dom_bid_vol": 7.96, "dom_ask_vol": 0.19, "dom_walls": [{"side": "bid", "price": 78306.79, "vol": 6.52524, "x_avg": 32.02}, {"side": "bid", "price": 78306.23, "vol": 1.33924, "x_avg": 6.57}], "cvd_delta": 7.17, "cvd_cumulative": 1.65, "spread_bps": 0.0, "depth_levels": 20}
{"ts": "2026-05-02T13:27:01.934725+00:00", "symbol": "BTCUSDT", "price": 78306.79, "dom_imbalance": 0.7883, "dom_bid_vol": 6.24, "dom_ask_vol": 0.74, "dom_walls": [{"side": "bid", "price": 78306.79, "vol": 5.32434, "x_avg": 30.53}, {"side": "bid", "price": 78306.23, "vol": 0.77261, "x_avg": 4.43}, {"side": "ask", "price": 78306.8, "vol": 0.54182, "x_avg": 3.11}], "cvd_delta": -3.05, "cvd_cumulative": -1.4, "spread_bps": 0.0, "depth_levels": 20}
{"ts": "2026-05-02T13:27:42.569169+00:00", "symbol": "BTCUSDT", "price": 78306.79, "dom_imbalance": 0.0388, "dom_bid_vol": 2.21, "dom_ask_vol": 2.04, "dom_walls": [{"side": "bid", "price": 78306.79, "vol": 2.03892, "x_avg": 19.18}, {"side": "ask", "price": 78306.8, "vol": 1.68223, "x_avg": 15.82}], "cvd_delta": -4.5, "cvd_cumulative": -5.9, "spread_bps": 0.0, "depth_levels": 20}
{"ts": "2026-05-02T13:28:23.248422+00:00", "symbol": "BTCUSDT", "price": 78306.79, "dom_imbalance": 0.6242, "dom_bid_vol": 3.18, "dom_ask_vol": 0.74, "dom_walls": [{"side": "bid", "price": 78306.79, "vol": 2.73082, "x_avg": 27.9}, {"side": "bid", "price": 78306.23, "vol": 0.37215, "x_avg": 3.8}, {"side": "ask", "price": 78306.8, "vol": 0.50448, "x_avg": 5.15}], "cvd_delta": 1.97, "cvd_cumulative": -3.93, "spread_bps": 0.0, "depth_levels": 20}
{"ts": "2026-05-02T13:29:03.760160+00:00", "symbol": "BTCUSDT", "price": 78306.79, "dom_imbalance": 0.1493, "dom_bid_vol": 2.61, "dom_ask_vol": 1.93, "dom_walls": [{"side": "bid", "price": 78306.79, "vol": 2.30876, "x_avg": 20.35}, {"side": "ask", "price": 78306.8, "vol": 1.60948, "x_avg": 14.18}], "cvd_delta": -1.55, "cvd_cumulative": -5.48, "spread_bps": 0.0, "depth_levels": 20}
{"ts": "2026-05-02T13:29:44.317266+00:00", "symbol": "BTCUSDT", "price": 78306.79, "dom_imbalance": -0.5945, "dom_bid_vol": 0.92, "dom_ask_vol": 3.64, "dom_walls": [{"side": "bid", "price": 78306.79, "vol": 0.61466, "x_avg": 5.39}, {"side": "ask", "price": 78306.8, "vol": 2.74926, "x_avg": 24.12}, {"side": "ask", "price": 78307.27, "vol": 0.38324, "x_avg": 3.36}], "cvd_delta": -2.84, "cvd_cumulative": -8.32, "spread_bps": 0.0, "depth_levels": 20}
{"ts": "2026-05-02T13:30:24.862299+00:00", "symbol": "BTCUSDT", "price": 78306.79, "dom_imbalance": -0.3959, "dom_bid_vol": 2.5, "dom_ask_vol": 5.77, "dom_walls": [{"side": "bid", "price": 78306.79, "vol": 2.02323, "x_avg": 9.79}, {"side": "ask", "price": 78306.8, "vol": 2.49077, "x_avg": 12.05}, {"side": "ask", "price": 78307.17, "vol": 0.64889, "x_avg": 3.14}, {"side": "ask", "price": 78307.18, "vol": 2.06856, "x_avg": 10.01}], "cvd_delta": 1.7, "cvd_cumulative": -6.62, "spread_bps": 0.0, "depth_levels": 20}
{"ts": "2026-05-02T13:31:05.370724+00:00", "symbol": "BTCUSDT", "price": 78306.79, "dom_imbalance": -0.6735, "dom_bid_vol": 1.09, "dom_ask_vol": 5.58, "dom_walls": [{"side": "bid", "price": 78306.79, "vol": 0.77739, "x_avg": 4.67}, {"side": "ask", "price": 78306.8, "vol": 2.19227, "x_avg": 13.16}, {"side": "ask", "price": 78307.16, "vol": 0.38338, "x_avg": 2.3}, {"side": "ask", "price": 78307.17, "vol": 0.64889, "x_avg": 3.89}, {"side": "ask", "price": 78307.18, "vol": 2.06856, "x_avg": 12.41}], "cvd_delta": -0.95, "cvd_cumulative": -7.57, "spread_bps": 0.0, "depth_levels": 20}
{"ts": "2026-05-02T13:31:50.926427+00:00", "symbol": "BTCUSDT", "price": 78304.92, "dom_imbalance": -0.7773, "dom_bid_vol": 1.32, "dom_ask_vol": 10.5, "dom_walls": [{"side": "bid", "price": 78304.92, "vol": 0.81158, "x_avg": 2.75}, {"side": "ask", "price": 78304.93, "vol": 6.42311, "x_avg": 21.75}, {"side": "ask", "price": 78305.35, "vol": 1.59642, "x_avg": 5.4}, {"side": "ask", "price": 78305.7, "vol": 0.64866, "x_avg": 2.2}, {"side": "ask", "price": 78306.8, "vol": 0.61885, "x_avg": 2.1}], "cvd_delta": -4.28, "cvd_cumulative": -11.85, "spread_bps": 0.0, "depth_levels": 20}
{"ts": "2026-05-02T13:32:35.008176+00:00", "symbol": "BTCUSDT", "price": 78304.92, "dom_imbalance": -0.3454, "dom_bid_vol": 2.32, "dom_ask_vol": 4.77, "dom_walls": [{"side": "bid", "price": 78304.92, "vol": 2.18062, "x_avg": 12.3}, {"side": "ask", "price": 78304.93, "vol": 2.68191, "x_avg": 15.12}, {"side": "ask", "price": 78305.34, "vol": 0.47822, "x_avg": 2.7}, {"side": "ask", "price": 78305.7, "vol": 0.64866, "x_avg": 3.66}, {"side": "ask", "price": 78306.8, "vol": 0.48096, "x_avg": 2.71}], "cvd_delta": 5.19, "cvd_cumulative": -6.65, "spread_bps": 0.0, "depth_levels": 20}
{"ts": "2026-05-02T13:33:21.107863+00:00", "symbol": "BTCUSDT", "price": 78307.46, "dom_imbalance": 0.9258, "dom_bid_vol": 8.76, "dom_ask_vol": 0.34, "dom_walls": [{"side": "bid", "price": 78307.46, "vol": 5.5632, "x_avg": 24.47}, {"side": "bid", "price": 78306.82, "vol": 0.72919, "x_avg": 3.21}, {"side": "bid", "price": 78304.92, "vol": 1.47622, "x_avg": 6.49}], "cvd_delta": 6.57, "cvd_cumulative": -0.08, "spread_bps": 0.0, "depth_levels": 20}
{"ts": "2026-05-02T13:33:41.418368+00:00", "symbol": "BTCUSDT", "price": 78307.46, "dom_imbalance": 0.8943, "dom_bid_vol": 8.75, "dom_ask_vol": 0.49, "dom_walls": [{"side": "bid", "price": 78307.46, "vol": 5.57763, "x_avg": 24.16}, {"side": "bid", "price": 78306.82, "vol": 0.72919, "x_avg": 3.16}, {"side": "bid", "price": 78304.92, "vol": 1.47572, "x_avg": 6.39}], "cvd_delta": -0.76, "cvd_cumulative": -0.84, "spread_bps": 0.0, "depth_levels": 20}
{"ts": "2026-05-02T13:34:21.953695+00:00", "symbol": "BTCUSDT", "price": 78307.46, "dom_imbalance": 0.393, "dom_bid_vol": 5.02, "dom_ask_vol": 2.19, "dom_walls": [{"side": "bid", "price": 78307.46, "vol": 2.43747, "x_avg": 13.53}, {"side": "bid", "price": 78305.35, "vol": 0.55984, "x_avg": 3.11}, {"side": "bid", "price": 78304.92, "vol": 1.43581, "x_avg": 7.97}, {"side": "ask", "price": 78307.47, "vol": 2.0809, "x_avg": 11.55}], "cvd_delta": -4.97, "cvd_cumulative": -5.8, "spread_bps": 0.0, "depth_levels": 20}
{"ts": "2026-05-02T13:35:02.508612+00:00", "symbol": "BTCUSDT", "price": 78307.46, "dom_imbalance": 0.6896, "dom_bid_vol": 6.37, "dom_ask_vol": 1.17, "dom_walls": [{"side": "bid", "price": 78307.46, "vol": 4.19411, "x_avg": 22.26}, {"side": "bid", "price": 78305.35, "vol": 0.46413, "x_avg": 2.46}, {"side": "bid", "price": 78304.92, "vol": 1.43588, "x_avg": 7.62}, {"side": "ask", "price": 78307.47, "vol": 1.06264, "x_avg": 5.64}], "cvd_delta": 2.78, "cvd_cumulative": -3.03, "spread_bps": 0.0, "depth_levels": 20}
{"ts": "2026-05-02T13:35:43.077334+00:00", "symbol": "BTCUSDT", "price": 78307.46, "dom_imbalance": 0.191, "dom_bid_vol": 2.9, "dom_ask_vol": 1.97, "dom_walls": [{"side": "bid", "price": 78307.46, "vol": 2.14475, "x_avg": 17.6}, {"side": "bid", "price": 78304.92, "vol": 0.31422, "x_avg": 2.58}, {"side": "ask", "price": 78307.47, "vol": 1.72954, "x_avg": 14.2}], "cvd_delta": -2.75, "cvd_cumulative": -5.78, "spread_bps": 0.0, "depth_levels": 20}
{"ts": "2026-05-02T13:36:23.634354+00:00", "symbol": "BTCUSDT", "price": 78307.46, "dom_imbalance": -0.1409, "dom_bid_vol": 2.09, "dom_ask_vol": 2.78, "dom_walls": [{"side": "bid", "price": 78307.46, "vol": 1.55228, "x_avg": 12.76}, {"side": "bid", "price": 78304.92, "vol": 0.31436, "x_avg": 2.58}, {"side": "ask", "price": 78307.47, "vol": 2.49637, "x_avg": 20.52}], "cvd_delta": -1.4, "cvd_cumulative": -7.17, "spread_bps": 0.0, "depth_levels": 20}
{"ts": "2026-05-02T13:37:04.200823+00:00", "symbol": "BTCUSDT", "price": 78307.46, "dom_imbalance": -0.4075, "dom_bid_vol": 1.27, "dom_ask_vol": 3.01, "dom_walls": [{"side": "bid", "price": 78305.95, "vol": 0.30997, "x_avg": 2.9}, {"side": "bid", "price": 78304.93, "vol": 0.26996, "x_avg": 2.53}, {"side": "bid", "price": 78304.92, "vol": 0.31429, "x_avg": 2.94}, {"side": "ask", "price": 78307.47, "vol": 2.69097, "x_avg": 25.19}], "cvd_delta": -1.56, "cvd_cumulative": -8.73, "spread_bps": 0.0, "depth_levels": 20}
{"ts": "2026-05-02T13:37:44.745126+00:00", "symbol": "BTCUSDT", "price": 78307.46, "dom_imbalance": 0.0117, "dom_bid_vol": 2.32, "dom_ask_vol": 2.27, "dom_walls": [{"side": "bid", "price": 78307.46, "vol": 1.54097, "x_avg": 13.44}, {"side": "bid", "price": 78306.42, "vol": 0.28541, "x_avg": 2.49}, {"side": "bid", "price": 78306.41, "vol": 0.4311, "x_avg": 3.76}, {"side": "ask", "price": 78307.47, "vol": 2.11454, "x_avg": 18.45}], "cvd_delta": 1.97, "cvd_cumulative": -6.76, "spread_bps": 0.0, "depth_levels": 20}
{"ts": "2026-05-02T13:38:37.576356+00:00", "symbol": "BTCUSDT", "price": 78307.46, "dom_imbalance": 0.7845, "dom_bid_vol": 4.38, "dom_ask_vol": 0.53, "dom_walls": [{"side": "bid", "price": 78307.46, "vol": 2.76284, "x_avg": 22.52}, {"side": "bid", "price": 78307.24, "vol": 0.28527, "x_avg": 2.33}, {"side": "bid", "price": 78307.19, "vol": 0.85181, "x_avg": 6.94}, {"side": "bid", "price": 78304.92, "vol": 0.31429, "x_avg": 2.56}, {"side": "ask", "price": 78307.47, "vol": 0.40147, "x_avg": 3.27}], "cvd_delta": 4.2, "cvd_cumulative": -2.56, "spread_bps": 0.0, "depth_levels": 20}
{"ts": "2026-05-02T13:39:20.640112+00:00", "symbol": "BTCUSDT", "price": 78307.46, "dom_imbalance": 0.1714, "dom_bid_vol": 2.74, "dom_ask_vol": 1.94, "dom_walls": [{"side": "bid", "price": 78307.46, "vol": 2.47657, "x_avg": 21.14}, {"side": "ask", "price": 78307.47, "vol": 1.76168, "x_avg": 15.04}], "cvd_delta": -2.69, "cvd_cumulative": -5.25, "spread_bps": 0.0, "depth_levels": 20}
{"ts": "2026-05-02T13:39:51.091202+00:00", "symbol": "BTCUSDT", "price": 78307.46, "dom_imbalance": 0.1187, "dom_bid_vol": 2.45, "dom_ask_vol": 1.93, "dom_walls": [{"side": "bid", "price": 78307.46, "vol": 2.19988, "x_avg": 20.06}, {"side": "ask", "price": 78307.47, "vol": 1.65674, "x_avg": 15.11}], "cvd_delta": -0.33, "cvd_cumulative": -5.58, "spread_bps": 0.0, "depth_levels": 20}
{"ts": "2026-05-02T13:40:31.599567+00:00", "symbol": "BTCUSDT", "price": 78320.54, "dom_imbalance": 0.7304, "dom_bid_vol": 7.58, "dom_ask_vol": 1.18, "dom_walls": [{"side": "bid", "price": 78320.54, "vol": 6.29382, "x_avg": 28.72}, {"side": "bid", "price": 78320.24, "vol": 0.44813, "x_avg": 2.04}, {"side": "ask", "price": 78320.55, "vol": 0.97944, "x_avg": 4.47}], "cvd_delta": 5.02, "cvd_cumulative": -0.55, "spread_bps": 0.0, "depth_levels": 20}
{"ts": "2026-05-02T13:41:12.224879+00:00", "symbol": "BTCUSDT", "price": 78333.99, "dom_imbalance": 0.9103, "dom_bid_vol": 7.06, "dom_ask_vol": 0.33, "dom_walls": [{"side": "bid", "price": 78333.99, "vol": 5.45695, "x_avg": 29.54}, {"side": "bid", "price": 78333.33, "vol": 0.50067, "x_avg": 2.71}, {"side": "bid", "price": 78333.32, "vol": 0.77506, "x_avg": 4.2}], "cvd_delta": 0.19, "cvd_cumulative": -0.37, "spread_bps": 0.0, "depth_levels": 20}
{"ts": "2026-05-02T13:41:52.741803+00:00", "symbol": "BTCUSDT", "price": 78338.79, "dom_imbalance": -0.4278, "dom_bid_vol": 1.25, "dom_ask_vol": 3.12, "dom_walls": [{"side": "bid", "price": 78338.78, "vol": 0.56428, "x_avg": 5.16}, {"side": "bid", "price": 78336.06, "vol": 0.22152, "x_avg": 2.03}, {"side": "bid", "price": 78336.05, "vol": 0.31082, "x_avg": 2.84}, {"side": "ask", "price": 78338.79, "vol": 2.84081, "x_avg": 25.97}], "cvd_delta": -8.08, "cvd_cumulative": -8.45, "spread_bps": 0.0, "depth_levels": 20}
{"ts": "2026-05-02T13:42:09.743347+00:00", "symbol": "BTCUSDT", "price": 78338.79, "dom_imbalance": -0.4068, "dom_bid_vol": 1.01, "dom_ask_vol": 2.39, "dom_walls": [{"side": "bid", "price": 78338.78, "vol": 0.62278, "x_avg": 7.33}, {"side": "bid", "price": 78337.5, "vol": 0.2406, "x_avg": 2.83}, {"side": "ask", "price": 78338.79, "vol": 2.15362, "x_avg": 25.36}], "cvd_delta": 0.0, "cvd_cumulative": 0.0, "spread_bps": 0.0, "depth_levels": 20}
{"ts": "2026-05-02T13:42:33.470758+00:00", "symbol": "BTCUSDT", "price": 78338.79, "dom_imbalance": 0.2708, "dom_bid_vol": 2.51, "dom_ask_vol": 1.44, "dom_walls": [{"side": "bid", "price": 78338.78, "vol": 2.09702, "x_avg": 21.23}, {"side": "bid", "price": 78337.63, "vol": 0.271, "x_avg": 2.74}, {"side": "ask", "price": 78338.79, "vol": 1.23504, "x_avg": 12.5}], "cvd_delta": 3.15, "cvd_cumulative": -5.3, "spread_bps": 0.0, "depth_levels": 20}
{"ts": "2026-05-02T13:43:22.968416+00:00", "symbol": "BTCUSDT", "price": 78352.99, "dom_imbalance": 0.3997, "dom_bid_vol": 3.68, "dom_ask_vol": 1.58, "dom_walls": [{"side": "bid", "price": 78352.99, "vol": 3.11017, "x_avg": 23.66}, {"side": "bid", "price": 78349.99, "vol": 0.29779, "x_avg": 2.27}, {"side": "ask", "price": 78353.0, "vol": 1.41155, "x_avg": 10.74}], "cvd_delta": 0.84, "cvd_cumulative": -4.46, "spread_bps": 0.0, "depth_levels": 20}
{"ts": "2026-05-02T13:43:53.450406+00:00", "symbol": "BTCUSDT", "price": 78352.99, "dom_imbalance": -0.058, "dom_bid_vol": 3.6, "dom_ask_vol": 4.04, "dom_walls": [{"side": "bid", "price": 78352.99, "vol": 3.29218, "x_avg": 17.22}, {"side": "ask", "price": 78353.0, "vol": 1.28273, "x_avg": 6.71}, {"side": "ask", "price": 78355.97, "vol": 0.66336, "x_avg": 3.47}, {"side": "ask", "price": 78355.98, "vol": 2.06856, "x_avg": 10.82}], "cvd_delta": 0.31, "cvd_cumulative": -4.14, "spread_bps": 0.0, "depth_levels": 20}
{"ts": "2026-05-02T13:44:24.194749+00:00", "symbol": "BTCUSDT", "price": 78361.33, "dom_imbalance": 0.7666, "dom_bid_vol": 6.86, "dom_ask_vol": 0.91, "dom_walls": [{"side": "bid", "price": 78361.33, "vol": 3.31501, "x_avg": 17.07}, {"side": "bid", "price": 78360.17, "vol": 0.91073, "x_avg": 4.69}, {"side": "bid", "price": 78359.54, "vol": 2.06856, "x_avg": 10.65}, {"side": "ask", "price": 78361.34, "vol": 0.84157, "x_avg": 4.33}], "cvd_delta": 4.04, "cvd_cumulative": 4.04, "spread_bps": 0.0, "depth_levels": 20}
{"ts": "2026-05-02T13:44:34.173194+00:00", "symbol": "BTCUSDT", "price": 78361.33, "dom_imbalance": 0.681, "dom_bid_vol": 4.54, "dom_ask_vol": 0.86, "dom_walls": [{"side": "bid", "price": 78361.33, "vol": 3.65652, "x_avg": 27.1}, {"side": "bid", "price": 78359.53, "vol": 0.35032, "x_avg": 2.6}, {"side": "ask", "price": 78361.34, "vol": 0.79429, "x_avg": 5.89}], "cvd_delta": 0.99, "cvd_cumulative": -3.15, "spread_bps": 0.0, "depth_levels": 20}
{"ts": "2026-05-02T13:45:24.382656+00:00", "symbol": "BTCUSDT", "price": 78361.33, "dom_imbalance": 0.412, "dom_bid_vol": 3.79, "dom_ask_vol": 1.58, "dom_walls": [{"side": "bid", "price": 78361.33, "vol": 3.27222, "x_avg": 24.41}, {"side": "ask", "price": 78361.34, "vol": 1.45506, "x_avg": 10.86}], "cvd_delta": -1.15, "cvd_cumulative": -4.3, "spread_bps": 0.0, "depth_levels": 20}
{"ts": "2026-05-02T13:45:54.897373+00:00", "symbol": "BTCUSDT", "price": 78361.33, "dom_imbalance": 0.56, "dom_bid_vol": 3.54, "dom_ask_vol": 1.0, "dom_walls": [{"side": "bid", "price": 78361.33, "vol": 2.5151, "x_avg": 22.15}, {"side": "bid", "price": 78361.31, "vol": 0.30807, "x_avg": 2.71}, {"side": "bid", "price": 78361.3, "vol": 0.23637, "x_avg": 2.08}, {"side": "bid", "price": 78358.25, "vol": 0.28879, "x_avg": 2.54}, {"side": "ask", "price": 78361.34, "vol": 0.64545, "x_avg": 5.68}, {"side": "ask", "price": 78364.71, "vol": 0.25882, "x_avg": 2.28}], "cvd_delta": 0.56, "cvd_cumulative": -3.74, "spread_bps": 0.0, "depth_levels": 20}
{"ts": "2026-05-02T13:46:28.275220+00:00", "symbol": "BTCUSDT", "price": 78348.39, "dom_imbalance": -0.7188, "dom_bid_vol": 1.54, "dom_ask_vol": 9.39, "dom_walls": [{"side": "bid", "price": 78348.39, "vol": 0.83837, "x_avg": 3.07}, {"side": "ask", "price": 78348.4, "vol": 5.77856, "x_avg": 21.16}, {"side": "ask", "price": 78350.87, "vol": 0.97667, "x_avg": 3.58}, {"side": "ask", "price": 78350.88, "vol": 2.06856, "x_avg": 7.57}], "cvd_delta": -7.43, "cvd_cumulative": -3.39, "spread_bps": 0.0, "depth_levels": 20}
{"ts": "2026-05-02T13:46:35.446215+00:00", "symbol": "BTCUSDT", "price": 78348.39, "dom_imbalance": -0.9644, "dom_bid_vol": 0.18, "dom_ask_vol": 9.87, "dom_walls": [{"side": "ask", "price": 78348.4, "vol": 6.21167, "x_avg": 24.73}, {"side": "ask", "price": 78350.87, "vol": 0.97653, "x_avg": 3.89}, {"side": "ask", "price": 78350.88, "vol": 2.06856, "x_avg": 8.23}], "cvd_delta": -8.64, "cvd_cumulative": -12.37, "spread_bps": 0.0, "depth_levels": 20}
{"ts": "2026-05-02T13:47:15.945743+00:00", "symbol": "BTCUSDT", "price": 78348.39, "dom_imbalance": -0.6017, "dom_bid_vol": 1.32, "dom_ask_vol": 5.32, "dom_walls": [{"side": "bid", "price": 78348.39, "vol": 0.79277, "x_avg": 4.77}, {"side": "ask", "price": 78348.4, "vol": 2.34327, "x_avg": 14.1}, {"side": "ask", "price": 78350.86, "vol": 0.74997, "x_avg": 4.51}, {"side": "ask", "price": 78350.87, "vol": 2.06856, "x_avg": 12.45}], "cvd_delta": 4.58, "cvd_cumulative": -7.8, "spread_bps": 0.0, "depth_levels": 20}
{"ts": "2026-05-02T13:48:10.445217+00:00", "symbol": "BTCUSDT", "price": 78348.39, "dom_imbalance": 0.004, "dom_bid_vol": 2.17, "dom_ask_vol": 2.15, "dom_walls": [{"side": "bid", "price": 78348.39, "vol": 1.97375, "x_avg": 18.28}, {"side": "ask", "price": 78348.4, "vol": 1.95443, "x_avg": 18.1}], "cvd_delta": 1.59, "cvd_cumulative": -6.21, "spread_bps": 0.0, "depth_levels": 20}
{"ts": "2026-05-02T13:48:35.704425+00:00", "symbol": "BTCUSDT", "price": 78348.39, "dom_imbalance": -0.031, "dom_bid_vol": 2.11, "dom_ask_vol": 2.24, "dom_walls": [{"side": "bid", "price": 78348.39, "vol": 1.62666, "x_avg": 14.97}, {"side": "bid", "price": 78347.04, "vol": 0.2782, "x_avg": 2.56}, {"side": "ask", "price": 78348.4, "vol": 2.0795, "x_avg": 19.13}], "cvd_delta": 4.41, "cvd_cumulative": 1.02, "spread_bps": 0.0, "depth_levels": 20}
{"ts": "2026-05-02T13:48:41.223688+00:00", "symbol": "BTCUSDT", "price": 78348.39, "dom_imbalance": -0.1142, "dom_bid_vol": 2.34, "dom_ask_vol": 2.94, "dom_walls": [{"side": "bid", "price": 78348.39, "vol": 1.86092, "x_avg": 14.1}, {"side": "bid", "price": 78347.15, "vol": 0.28039, "x_avg": 2.12}, {"side": "ask", "price": 78348.4, "vol": 2.03028, "x_avg": 15.38}, {"side": "ask", "price": 78350.86, "vol": 0.74997, "x_avg": 5.68}], "cvd_delta": -0.19, "cvd_cumulative": -6.4, "spread_bps": 0.0, "depth_levels": 20}
{"ts": "2026-05-02T13:49:35.687903+00:00", "symbol": "BTCUSDT", "price": 78347.04, "dom_imbalance": -0.8277, "dom_bid_vol": 0.74, "dom_ask_vol": 7.8, "dom_walls": [{"side": "bid", "price": 78347.03, "vol": 0.48916, "x_avg": 2.29}, {"side": "ask", "price": 78347.04, "vol": 6.5858, "x_avg": 30.86}, {"side": "ask", "price": 78348.4, "vol": 0.5546, "x_avg": 2.6}], "cvd_delta": -6.07, "cvd_cumulative": -12.47, "spread_bps": 0.0, "depth_levels": 20}
{"ts": "2026-05-02T13:50:06.178348+00:00", "symbol": "BTCUSDT", "price": 78345.49, "dom_imbalance": -0.7329, "dom_bid_vol": 1.58, "dom_ask_vol": 10.23, "dom_walls": [{"side": "bid", "price": 78343.49, "vol": 0.99851, "x_avg": 3.38}, {"side": "ask", "price": 78345.49, "vol": 5.45127, "x_avg": 18.47}, {"side": "ask", "price": 78345.5, "vol": 1.58222, "x_avg": 5.36}, {"side": "ask", "price": 78347.13, "vol": 2.06856, "x_avg": 7.01}], "cvd_delta": -0.63, "cvd_cumulative": -13.1, "spread_bps": 0.0, "depth_levels": 20}
{"ts": "2026-05-02T13:50:46.981530+00:00", "symbol": "BTCUSDT", "price": 78345.49, "dom_imbalance": 0.1529, "dom_bid_vol": 3.51, "dom_ask_vol": 2.58, "dom_walls": [{"side": "bid", "price": 78345.48, "vol": 2.02165, "x_avg": 13.29}, {"side": "bid", "price": 78344.05, "vol": 0.42713, "x_avg": 2.81}, {"side": "bid", "price": 78343.49, "vol": 0.99858, "x_avg": 6.56}, {"side": "ask", "price": 78345.49, "vol": 1.97709, "x_avg": 12.99}], "cvd_delta": 6.78, "cvd_cumulative": -6.32, "spread_bps": 0.0, "depth_levels": 20}
{"ts": "2026-05-02T13:50:47.407907+00:00", "symbol": "BTCUSDT", "price": 78345.49, "dom_imbalance": 0.151, "dom_bid_vol": 3.51, "dom_ask_vol": 2.59, "dom_walls": [{"side": "bid", "price": 78345.48, "vol": 2.02165, "x_avg": 13.27}, {"side": "bid", "price": 78344.05, "vol": 0.42713, "x_avg": 2.8}, {"side": "bid", "price": 78343.49, "vol": 0.99858, "x_avg": 6.55}, {"side": "ask", "price": 78345.49, "vol": 1.98858, "x_avg": 13.05}], "cvd_delta": 0.36, "cvd_cumulative": 1.38, "spread_bps": 0.0, "depth_levels": 20}
{"ts": "2026-05-02T13:51:28.230142+00:00", "symbol": "BTCUSDT", "price": 78345.49, "dom_imbalance": 0.0373, "dom_bid_vol": 2.95, "dom_ask_vol": 2.74, "dom_walls": [{"side": "bid", "price": 78345.48, "vol": 2.17758, "x_avg": 15.33}, {"side": "bid", "price": 78344.05, "vol": 0.42713, "x_avg": 3.01}, {"side": "ask", "price": 78345.49, "vol": 2.06023, "x_avg": 14.5}, {"side": "ask", "price": 78345.5, "vol": 0.28963, "x_avg": 2.04}], "cvd_delta": -0.0, "cvd_cumulative": -6.32, "spread_bps": 0.0, "depth_levels": 20}
{"ts": "2026-05-02T13:52:08.792837+00:00", "symbol": "BTCUSDT", "price": 78322.33, "dom_imbalance": -0.5805, "dom_bid_vol": 2.05, "dom_ask_vol": 7.74, "dom_walls": [{"side": "bid", "price": 78322.33, "vol": 0.84301, "x_avg": 3.44}, {"side": "bid", "price": 78320.54, "vol": 1.00077, "x_avg": 4.09}, {"side": "ask", "price": 78322.34, "vol": 4.71709, "x_avg": 19.27}, {"side": "ask", "price": 78324.46, "vol": 0.55714, "x_avg": 2.28}, {"side": "ask", "price": 78324.48, "vol": 2.06856, "x_avg": 8.45}], "cvd_delta": -3.75, "cvd_cumulative": -10.07, "spread_bps": 0.0, "depth_levels": 20}
{"ts": "2026-05-02T13:52:31.109541+00:00", "symbol": "BTCUSDT", "price": 78322.33, "dom_imbalance": -0.4378, "dom_bid_vol": 2.77, "dom_ask_vol": 7.08, "dom_walls": [{"side": "bid", "price": 78322.33, "vol": 1.03108, "x_avg": 4.19}, {"side": "bid", "price": 78320.54, "vol": 1.00077, "x_avg": 4.07}, {"side": "ask", "price": 78322.34, "vol": 4.15666, "x_avg": 16.89}, {"side": "ask", "price": 78324.46, "vol": 0.55714, "x_avg": 2.26}, {"side": "ask", "price": 78324.48, "vol": 2.06856, "x_avg": 8.4}], "cvd_delta": -3.0, "cvd_cumulative": -1.63, "spread_bps": 0.0, "depth_levels": 20}
{"ts": "2026-05-02T13:52:49.432728+00:00", "symbol": "BTCUSDT", "price": 78322.33, "dom_imbalance": -0.5239, "dom_bid_vol": 2.19, "dom_ask_vol": 7.01, "dom_walls": [{"side": "bid", "price": 78322.33, "vol": 0.80366, "x_avg": 3.49}, {"side": "bid", "price": 78320.54, "vol": 1.00077, "x_avg": 4.35}, {"side": "ask", "price": 78322.34, "vol": 4.11814, "x_avg": 17.91}, {"side": "ask", "price": 78324.46, "vol": 0.55714, "x_avg": 2.42}, {"side": "ask", "price": 78324.48, "vol": 2.06856, "x_avg": 8.99}], "cvd_delta": 0.55, "cvd_cumulative": -9.52, "spread_bps": 0.0, "depth_levels": 20}
{"ts": "2026-05-02T13:53:30.004136+00:00", "symbol": "BTCUSDT", "price": 78337.23, "dom_imbalance": 0.2583, "dom_bid_vol": 5.13, "dom_ask_vol": 3.02, "dom_walls": [{"side": "bid", "price": 78337.22, "vol": 4.35065, "x_avg": 21.36}, {"side": "ask", "price": 78337.23, "vol": 0.61529, "x_avg": 3.02}, {"side": "ask", "price": 78339.99, "vol": 1.32067, "x_avg": 6.48}, {"side": "ask", "price": 78340.0, "vol": 1.00554, "x_avg": 4.94}], "cvd_delta": 7.11, "cvd_cumulative": -2.42, "spread_bps": 0.0, "depth_levels": 20}
{"ts": "2026-05-02T13:54:10.673437+00:00", "symbol": "BTCUSDT", "price": 78343.49, "dom_imbalance": 0.3298, "dom_bid_vol": 3.82, "dom_ask_vol": 1.92, "dom_walls": [{"side": "bid", "price": 78343.49, "vol": 3.38667, "x_avg": 23.59}, {"side": "bid", "price": 78340.59, "vol": 0.30585, "x_avg": 2.13}, {"side": "ask", "price": 78343.5, "vol": 1.29485, "x_avg": 9.02}], "cvd_delta": -1.7, "cvd_cumulative": -4.11, "spread_bps": 0.0, "depth_levels": 20}
{"ts": "2026-05-02T13:54:32.488354+00:00", "symbol": "BTCUSDT", "price": 78343.49, "dom_imbalance": 0.0076, "dom_bid_vol": 2.65, "dom_ask_vol": 2.61, "dom_walls": [{"side": "bid", "price": 78343.49, "vol": 2.38939, "x_avg": 18.19}, {"side": "ask", "price": 78343.5, "vol": 1.9911, "x_avg": 15.16}], "cvd_delta": 3.53, "cvd_cumulative": 1.9, "spread_bps": 0.0, "depth_levels": 20}
{"ts": "2026-05-02T13:55:04.962558+00:00", "symbol": "BTCUSDT", "price": 78343.49, "dom_imbalance": 0.0935, "dom_bid_vol": 2.44, "dom_ask_vol": 2.02, "dom_walls": [{"side": "bid", "price": 78343.49, "vol": 2.30497, "x_avg": 20.69}, {"side": "ask", "price": 78343.5, "vol": 1.67238, "x_avg": 15.01}, {"side": "ask", "price": 78344.88, "vol": 0.22998, "x_avg": 2.06}], "cvd_delta": -1.39, "cvd_cumulative": -5.5, "spread_bps": 0.0, "depth_levels": 20}
{"ts": "2026-05-02T13:55:35.412984+00:00", "symbol": "BTCUSDT", "price": 78372.82, "dom_imbalance": 0.3225, "dom_bid_vol": 3.34, "dom_ask_vol": 1.71, "dom_walls": [{"side": "bid", "price": 78372.81, "vol": 2.11503, "x_avg": 16.75}, {"side": "bid", "price": 78371.63, "vol": 0.27811, "x_avg": 2.2}, {"side": "bid", "price": 78371.62, "vol": 0.30295, "x_avg": 2.4}, {"side": "bid", "price": 78369.99, "vol": 0.26567, "x_avg": 2.1}, {"side": "bid", "price": 78369.98, "vol": 0.29206, "x_avg": 2.31}, {"side": "ask", "price": 78372.82, "vol": 0.91381, "x_avg": 7.24}, {"side": "ask", "price": 78373.59, "vol": 0.74467, "x_avg": 5.9}], "cvd_delta": -0.18, "cvd_cumulative": -5.68, "spread_bps": 0.0, "depth_levels": 20}
{"ts": "2026-05-02T13:56:16.063236+00:00", "symbol": "BTCUSDT", "price": 78391.42, "dom_imbalance": 0.7464, "dom_bid_vol": 4.6, "dom_ask_vol": 0.67, "dom_walls": [{"side": "bid", "price": 78391.41, "vol": 3.94027, "x_avg": 29.93}, {"side": "bid", "price": 78388.63, "vol": 0.27348, "x_avg": 2.08}, {"side": "ask", "price": 78391.42, "vol": 0.59932, "x_avg": 4.55}], "cvd_delta": 2.87, "cvd_cumulative": -2.81, "spread_bps": 0.0, "depth_levels": 20}
{"ts": "2026-05-02T13:56:34.022154+00:00", "symbol": "BTCUSDT", "price": 78391.42, "dom_imbalance": 0.0828, "dom_bid_vol": 3.03, "dom_ask_vol": 2.57, "dom_walls": [{"side": "bid", "price": 78391.41, "vol": 2.88325, "x_avg": 20.6}, {"side": "ask", "price": 78391.42, "vol": 2.33894, "x_avg": 16.71}], "cvd_delta": 0.19, "cvd_cumulative": 2.09, "spread_bps": 0.0, "depth_levels": 20}
{"ts": "2026-05-02T13:56:56.618307+00:00", "symbol": "BTCUSDT", "price": 78389.85, "dom_imbalance": 0.0467, "dom_bid_vol": 2.6, "dom_ask_vol": 2.37, "dom_walls": [{"side": "bid", "price": 78389.84, "vol": 2.20379, "x_avg": 17.72}, {"side": "ask", "price": 78389.85, "vol": 1.5506, "x_avg": 12.47}], "cvd_delta": -3.13, "cvd_cumulative": -5.93, "spread_bps": 0.0, "depth_levels": 20}
{"ts": "2026-05-02T13:57:37.306835+00:00", "symbol": "BTCUSDT", "price": 78386.61, "dom_imbalance": -0.7195, "dom_bid_vol": 1.46, "dom_ask_vol": 8.97, "dom_walls": [{"side": "bid", "price": 78386.61, "vol": 1.30478, "x_avg": 5.0}, {"side": "ask", "price": 78386.62, "vol": 2.58818, "x_avg": 9.92}, {"side": "ask", "price": 78386.68, "vol": 2.0687, "x_avg": 7.93}, {"side": "ask", "price": 78386.69, "vol": 1.17292, "x_avg": 4.5}, {"side": "ask", "price": 78389.82, "vol": 2.06856, "x_avg": 7.93}], "cvd_delta": -4.73, "cvd_cumulative": -10.66, "spread_bps": 0.0, "depth_levels": 20}
{"ts": "2026-05-02T13:58:32.504656+00:00", "symbol": "BTCUSDT", "price": 78385.08, "dom_imbalance": -0.3656, "dom_bid_vol": 2.58, "dom_ask_vol": 5.56, "dom_walls": [{"side": "bid", "price": 78385.07, "vol": 1.80167, "x_avg": 8.85}, {"side": "ask", "price": 78385.08, "vol": 2.03162, "x_avg": 9.98}, {"side": "ask", "price": 78385.68, "vol": 0.8021, "x_avg": 3.94}, {"side": "ask", "price": 78386.68, "vol": 2.06856, "x_avg": 10.16}], "cvd_delta": 4.26, "cvd_cumulative": -6.41, "spread_bps": 0.0, "depth_levels": 20}
{"ts": "2026-05-02T13:58:35.528698+00:00", "symbol": "BTCUSDT", "price": 78385.08, "dom_imbalance": -0.4134, "dom_bid_vol": 2.32, "dom_ask_vol": 5.58, "dom_walls": [{"side": "bid", "price": 78385.07, "vol": 1.80115, "x_avg": 9.13}, {"side": "ask", "price": 78385.08, "vol": 2.03117, "x_avg": 10.29}, {"side": "ask", "price": 78385.68, "vol": 0.8021, "x_avg": 4.06}, {"side": "ask", "price": 78386.68, "vol": 2.06856, "x_avg": 10.48}], "cvd_delta": -0.79, "cvd_cumulative": 1.3, "spread_bps": 0.0, "depth_levels": 20}
{"ts": "2026-05-02T13:58:52.880057+00:00", "symbol": "BTCUSDT", "price": 78378.08, "dom_imbalance": -0.9055, "dom_bid_vol": 0.48, "dom_ask_vol": 9.68, "dom_walls": [{"side": "ask", "price": 78378.09, "vol": 6.36397, "x_avg": 25.05}, {"side": "ask", "price": 78378.1, "vol": 2.06877, "x_avg": 8.14}], "cvd_delta": -8.17, "cvd_cumulative": -14.57, "spread_bps": 0.0, "depth_levels": 20}
{"ts": "2026-05-02T13:59:33.492081+00:00", "symbol": "BTCUSDT", "price": 78362.36, "dom_imbalance": -0.8572, "dom_bid_vol": 0.6, "dom_ask_vol": 7.85, "dom_walls": [{"side": "ask", "price": 78362.36, "vol": 4.71296, "x_avg": 22.3}, {"side": "ask", "price": 78364.16, "vol": 0.63106, "x_avg": 2.99}, {"side": "ask", "price": 78364.18, "vol": 2.07523, "x_avg": 9.82}], "cvd_delta": 4.03, "cvd_cumulative": -10.54, "spread_bps": 0.0, "depth_levels": 20}
{"ts": "2026-05-02T14:00:27.598011+00:00", "symbol": "BTCUSDT", "price": 78382.4, "dom_imbalance": -0.9145, "dom_bid_vol": 0.24, "dom_ask_vol": 5.47, "dom_walls": [{"side": "ask", "price": 78382.41, "vol": 2.45095, "x_avg": 17.16}, {"side": "ask", "price": 78385.21, "vol": 2.06842, "x_avg": 14.48}], "cvd_delta": 2.02, "cvd_cumulative": -8.52, "spread_bps": 0.0, "depth_levels": 20}
{"ts": "2026-05-02T14:00:37.096331+00:00", "symbol": "BTCUSDT", "price": 78382.39, "dom_imbalance": -0.3467, "dom_bid_vol": 2.27, "dom_ask_vol": 4.68, "dom_walls": [{"side": "bid", "price": 78382.39, "vol": 1.61951, "x_avg": 9.33}, {"side": "ask", "price": 78382.4, "vol": 1.54546, "x_avg": 8.9}, {"side": "ask", "price": 78385.19, "vol": 0.65253, "x_avg": 3.76}, {"side": "ask", "price": 78385.2, "vol": 2.06856, "x_avg": 11.91}], "cvd_delta": 0.35, "cvd_cumulative": 1.65, "spread_bps": 0.0, "depth_levels": 20}
{"ts": "2026-05-02T14:00:58.261829+00:00", "symbol": "BTCUSDT", "price": 78356.65, "dom_imbalance": -0.9021, "dom_bid_vol": 0.26, "dom_ask_vol": 5.12, "dom_walls": [{"side": "ask", "price": 78356.66, "vol": 4.63784, "x_avg": 34.49}], "cvd_delta": -2.45, "cvd_cumulative": -10.97, "spread_bps": 0.0, "depth_levels": 20}
{"ts": "2026-05-02T14:01:38.830023+00:00", "symbol": "BTCUSDT", "price": 78355.01, "dom_imbalance": 0.9598, "dom_bid_vol": 8.57, "dom_ask_vol": 0.18, "dom_walls": [{"side": "bid", "price": 78355.0, "vol": 4.08678, "x_avg": 18.7}, {"side": "bid", "price": 78351.7, "vol": 1.07678, "x_avg": 4.93}, {"side": "bid", "price": 78351.69, "vol": 2.06842, "x_avg": 9.46}], "cvd_delta": 9.23, "cvd_cumulative": -1.74, "spread_bps": 0.0, "depth_levels": 20}
{"ts": "2026-05-02T14:02:19.398331+00:00", "symbol": "BTCUSDT", "price": 78380.71, "dom_imbalance": 0.9875, "dom_bid_vol": 8.5, "dom_ask_vol": 0.05, "dom_walls": [{"side": "bid", "price": 78380.71, "vol": 4.36378, "x_avg": 20.4}, {"side": "bid", "price": 78379.19, "vol": 1.07298, "x_avg": 5.02}, {"side": "bid", "price": 78379.18, "vol": 2.06856, "x_avg": 9.67}, {"side": "bid", "price": 78378.75, "vol": 0.47788, "x_avg": 2.23}], "cvd_delta": -0.04, "cvd_cumulative": -1.78, "spread_bps": 0.0, "depth_levels": 20}
{"ts": "2026-05-02T14:02:38.503536+00:00", "symbol": "BTCUSDT", "price": 78383.27, "dom_imbalance": 0.4016, "dom_bid_vol": 2.75, "dom_ask_vol": 1.17, "dom_walls": [{"side": "bid", "price": 78383.27, "vol": 1.83269, "x_avg": 18.68}, {"side": "bid", "price": 78382.12, "vol": 0.23213, "x_avg": 2.37}, {"side": "bid", "price": 78380.73, "vol": 0.27676, "x_avg": 2.82}, {"side": "ask", "price": 78383.28, "vol": 1.00239, "x_avg": 10.22}], "cvd_delta": 0.73, "cvd_cumulative": 2.38, "spread_bps": 0.0, "depth_levels": 20}
{"ts": "2026-05-02T14:03:13.364635+00:00", "symbol": "BTCUSDT", "price": 78383.27, "dom_imbalance": -0.08, "dom_bid_vol": 1.67, "dom_ask_vol": 1.96, "dom_walls": [{"side": "bid", "price": 78383.27, "vol": 1.17657, "x_avg": 12.95}, {"side": "bid", "price": 78381.89, "vol": 0.27643, "x_avg": 3.04}, {"side": "ask", "price": 78383.28, "vol": 1.41743, "x_avg": 15.6}, {"side": "ask", "price": 78384.03, "vol": 0.25826, "x_avg": 2.84}, {"side": "ask", "price": 78384.04, "vol": 0.24027, "x_avg": 2.64}], "cvd_delta": -4.62, "cvd_cumulative": -6.4, "spread_bps": 0.0, "depth_levels": 20}
{"ts": "2026-05-02T14:03:44.044390+00:00", "symbol": "BTCUSDT", "price": 78384.61, "dom_imbalance": 0.9462, "dom_bid_vol": 6.08, "dom_ask_vol": 0.17, "dom_walls": [{"side": "bid", "price": 78384.61, "vol": 4.64932, "x_avg": 29.77}, {"side": "bid", "price": 78383.43, "vol": 0.38294, "x_avg": 2.45}], "cvd_delta": 4.77, "cvd_cumulative": -1.63, "spread_bps": 0.0, "depth_levels": 20}
{"ts": "2026-05-02T14:04:40.243630+00:00", "symbol": "BTCUSDT", "price": 78389.33, "dom_imbalance": 0.7345, "dom_bid_vol": 3.35, "dom_ask_vol": 0.51, "dom_walls": [{"side": "bid", "price": 78389.33, "vol": 2.02977, "x_avg": 21.04}, {"side": "bid", "price": 78388.38, "vol": 0.24851, "x_avg": 2.58}, {"side": "bid", "price": 78388.37, "vol": 0.33767, "x_avg": 3.5}, {"side": "bid", "price": 78386.82, "vol": 0.25438, "x_avg": 2.64}, {"side": "ask", "price": 78389.34, "vol": 0.4117, "x_avg": 4.27}], "cvd_delta": 1.04, "cvd_cumulative": 3.41, "spread_bps": 0.0, "depth_levels": 20}
{"ts": "2026-05-02T14:04:45.072006+00:00", "symbol": "BTCUSDT", "price": 78389.33, "dom_imbalance": 0.598, "dom_bid_vol": 3.12, "dom_ask_vol": 0.79, "dom_walls": [{"side": "bid", "price": 78389.33, "vol": 1.99398, "x_avg": 20.4}, {"side": "bid", "price": 78388.39, "vol": 0.2271, "x_avg": 2.32}, {"side": "bid", "price": 78388.37, "vol": 0.34179, "x_avg": 3.5}, {"side": "bid", "price": 78386.94, "vol": 0.23235, "x_avg": 2.38}, {"side": "ask", "price": 78389.34, "vol": 0.68458, "x_avg": 7.0}], "cvd_delta": -2.99, "cvd_cumulative": -4.62, "spread_bps": 0.0, "depth_levels": 20}
{"ts": "2026-05-02T14:05:05.486249+00:00", "symbol": "BTCUSDT", "price": 78389.33, "dom_imbalance": 0.5934, "dom_bid_vol": 2.91, "dom_ask_vol": 0.74, "dom_walls": [{"side": "bid", "price": 78389.33, "vol": 1.97444, "x_avg": 21.6}, {"side": "bid", "price": 78388.38, "vol": 0.20606, "x_avg": 2.25}, {"side": "bid", "price": 78388.37, "vol": 0.49552, "x_avg": 5.42}, {"side": "ask", "price": 78389.34, "vol": 0.66487, "x_avg": 7.27}], "cvd_delta": -0.01, "cvd_cumulative": -4.63, "spread_bps": 0.0, "depth_levels": 20}
{"ts": "2026-05-02T14:05:46.079976+00:00", "symbol": "BTCUSDT", "price": 78389.33, "dom_imbalance": 0.993, "dom_bid_vol": 6.3, "dom_ask_vol": 0.02, "dom_walls": [{"side": "bid", "price": 78389.33, "vol": 2.96194, "x_avg": 18.74}, {"side": "bid", "price": 78388.45, "vol": 0.98901, "x_avg": 6.26}, {"side": "bid", "price": 78388.42, "vol": 1.91367, "x_avg": 12.11}], "cvd_delta": 1.53, "cvd_cumulative": -3.1, "spread_bps": 0.0, "depth_levels": 20}
{"ts": "2026-05-02T14:06:26.696517+00:00", "symbol": "BTCUSDT", "price": 78389.7, "dom_imbalance": -0.7996, "dom_bid_vol": 0.69, "dom_ask_vol": 6.19, "dom_walls": [{"side": "bid", "price": 78389.69, "vol": 0.55505, "x_avg": 3.22}, {"side": "ask", "price": 78389.7, "vol": 2.0145, "x_avg": 11.7}, {"side": "ask", "price": 78390.04, "vol": 1.04577, "x_avg": 6.08}, {"side": "ask", "price": 78390.05, "vol": 1.91367, "x_avg": 11.12}, {"side": "ask", "price": 78392.38, "vol": 0.9401, "x_avg": 5.46}], "cvd_delta": -7.41, "cvd_cumulative": -10.52, "spread_bps": 0.0, "depth_levels": 20}
{"ts": "2026-05-02T14:06:41.849753+00:00", "symbol": "BTCUSDT", "price": 78376.11, "dom_imbalance": -0.9474, "dom_bid_vol": 0.21, "dom_ask_vol": 7.93, "dom_walls": [{"side": "ask", "price": 78376.12, "vol": 3.96609, "x_avg": 19.49}, {"side": "ask", "price": 78376.99, "vol": 1.03628, "x_avg": 5.09}, {"side": "ask", "price": 78377.99, "vol": 1.91367, "x_avg": 9.4}], "cvd_delta": -6.78, "cvd_cumulative": -3.36, "spread_bps": 0.0, "depth_levels": 20}
{"ts": "2026-05-02T14:07:07.156816+00:00", "symbol": "BTCUSDT", "price": 78373.46, "dom_imbalance": -0.8663, "dom_bid_vol": 0.42, "dom_ask_vol": 5.92, "dom_walls": [{"side": "ask", "price": 78373.47, "vol": 5.40699, "x_avg": 34.07}], "cvd_delta": -1.05, "cvd_cumulative": -11.56, "spread_bps": 0.0, "depth_levels": 20}
{"ts": "2026-05-02T14:07:47.796450+00:00", "symbol": "BTCUSDT", "price": 78370.12, "dom_imbalance": -0.8432, "dom_bid_vol": 0.45, "dom_ask_vol": 5.29, "dom_walls": [{"side": "ask", "price": 78370.13, "vol": 3.65642, "x_avg": 25.49}, {"side": "ask", "price": 78370.51, "vol": 0.46547, "x_avg": 3.25}, {"side": "ask", "price": 78370.52, "vol": 0.31297, "x_avg": 2.18}], "cvd_delta": 1.88, "cvd_cumulative": -9.68, "spread_bps": 0.0, "depth_levels": 20}
{"ts": "2026-05-02T14:08:28.418212+00:00", "symbol": "BTCUSDT", "price": 78368.2, "dom_imbalance": -0.5238, "dom_bid_vol": 1.53, "dom_ask_vol": 4.89, "dom_walls": [{"side": "bid", "price": 78368.19, "vol": 1.23923, "x_avg": 7.73}, {"side": "ask", "price": 78368.2, "vol": 1.65904, "x_avg": 10.35}, {"side": "ask", "price": 78368.48, "vol": 0.81287, "x_avg": 5.07}, {"side": "ask", "price": 78368.5, "vol": 1.91367, "x_avg": 11.94}], "cvd_delta": 3.06, "cvd_cumulative": -6.62, "spread_bps": 0.0, "depth_levels": 20}
{"ts": "2026-05-02T14:08:43.405126+00:00", "symbol": "BTCUSDT", "price": 78368.2, "dom_imbalance": -0.6326, "dom_bid_vol": 1.12, "dom_ask_vol": 4.96, "dom_walls": [{"side": "bid", "price": 78368.19, "vol": 0.63686, "x_avg": 4.19}, {"side": "ask", "price": 78368.2, "vol": 1.74459, "x_avg": 11.49}, {"side": "ask", "price": 78368.48, "vol": 0.81287, "x_avg": 5.35}, {"side": "ask", "price": 78368.5, "vol": 1.91367, "x_avg": 12.6}], "cvd_delta": 3.76, "cvd_cumulative": 0.4, "spread_bps": 0.0, "depth_levels": 20}
{"ts": "2026-05-02T14:09:17.285118+00:00", "symbol": "BTCUSDT", "price": 78364.45, "dom_imbalance": -0.3614, "dom_bid_vol": 2.4, "dom_ask_vol": 5.11, "dom_walls": [{"side": "bid", "price": 78364.44, "vol": 2.27981, "x_avg": 12.14}, {"side": "ask", "price": 78364.45, "vol": 1.81035, "x_avg": 9.64}, {"side": "ask", "price": 78368.15, "vol": 0.97697, "x_avg": 5.2}, {"side": "ask", "price": 78368.16, "vol": 1.91353, "x_avg": 10.19}], "cvd_delta": 0.95, "cvd_cumulative": -5.67, "spread_bps": 0.0, "depth_levels": 20}
{"ts": "2026-05-02T14:09:48.026506+00:00", "symbol": "BTCUSDT", "price": 78343.49, "dom_imbalance": -0.8897, "dom_bid_vol": 0.58, "dom_ask_vol": 9.91, "dom_walls": [{"side": "bid", "price": 78343.49, "vol": 0.52784, "x_avg": 2.01}, {"side": "ask", "price": 78343.5, "vol": 4.19395, "x_avg": 15.99}, {"side": "ask", "price": 78346.06, "vol": 1.19048, "x_avg": 4.54}, {"side": "ask", "price": 78346.08, "vol": 2.09171, "x_avg": 7.97}, {"side": "ask", "price": 78346.68, "vol": 0.61677, "x_avg": 2.35}], "cvd_delta": -4.51, "cvd_cumulative": -10.18, "spread_bps": 0.0, "depth_levels": 20}
{"ts": "2026-05-02T14:10:28.682217+00:00", "symbol": "BTCUSDT", "price": 78326.61, "dom_imbalance": -0.9843, "dom_bid_vol": 0.07, "dom_ask_vol": 8.48, "dom_walls": [{"side": "ask", "price": 78326.62, "vol": 5.26282, "x_avg": 24.63}, {"side": "ask", "price": 78329.06, "vol": 0.77695, "x_avg": 3.64}, {"side": "ask", "price": 78329.09, "vol": 1.91367, "x_avg": 8.95}], "cvd_delta": -1.22, "cvd_cumulative": -11.4, "spread_bps": 0.0, "depth_levels": 20}
{"ts": "2026-05-02T14:10:57.701856+00:00", "symbol": "BTCUSDT", "price": 78325.01, "dom_imbalance": -0.1531, "dom_bid_vol": 2.32, "dom_ask_vol": 3.16, "dom_walls": [{"side": "bid", "price": 78325.0, "vol": 1.71288, "x_avg": 12.49}, {"side": "bid", "price": 78323.6, "vol": 0.28193, "x_avg": 2.06}, {"side": "ask", "price": 78325.01, "vol": 1.88249, "x_avg": 13.73}, {"side": "ask", "price": 78326.59, "vol": 0.83421, "x_avg": 6.08}], "cvd_delta": 1.16, "cvd_cumulative": 1.56, "spread_bps": 0.0, "depth_levels": 20}
{"ts": "2026-05-02T14:11:23.055077+00:00", "symbol": "BTCUSDT", "price": 78325.01, "dom_imbalance": 0.4243, "dom_bid_vol": 2.9, "dom_ask_vol": 1.17, "dom_walls": [{"side": "bid", "price": 78325.0, "vol": 2.52682, "x_avg": 24.81}, {"side": "ask", "price": 78325.01, "vol": 0.48346, "x_avg": 4.75}, {"side": "ask", "price": 78326.24, "vol": 0.22043, "x_avg": 2.16}, {"side": "ask", "price": 78329.07, "vol": 0.24401, "x_avg": 2.4}], "cvd_delta": 7.49, "cvd_cumulative": -3.92, "spread_bps": 0.0, "depth_levels": 20}
{"ts": "2026-05-02T14:11:53.529649+00:00", "symbol": "BTCUSDT", "price": 78325.01, "dom_imbalance": 0.0118, "dom_bid_vol": 2.14, "dom_ask_vol": 2.09, "dom_walls": [{"side": "bid", "price": 78325.0, "vol": 2.00926, "x_avg": 18.97}, {"side": "ask", "price": 78325.01, "vol": 1.0523, "x_avg": 9.94}, {"side": "ask", "price": 78326.04, "vol": 0.29706, "x_avg": 2.81}, {"side": "ask", "price": 78327.31, "vol": 0.24601, "x_avg": 2.32}, {"side": "ask", "price": 78327.32, "vol": 0.23233, "x_avg": 2.19}], "cvd_delta": -1.39, "cvd_cumulative": -5.3, "spread_bps": 0.0, "depth_levels": 20}
{"ts": "2026-05-02T14:12:47.915927+00:00", "symbol": "BTCUSDT", "price": 78320.73, "dom_imbalance": 0.287, "dom_bid_vol": 2.79, "dom_ask_vol": 1.54, "dom_walls": [{"side": "bid", "price": 78320.72, "vol": 2.28248, "x_avg": 21.07}, {"side": "ask", "price": 78320.73, "vol": 0.91489, "x_avg": 8.45}, {"side": "ask", "price": 78322.2, "vol": 0.42159, "x_avg": 3.89}], "cvd_delta": 0.52, "cvd_cumulative": -4.78, "spread_bps": 0.0, "depth_levels": 20}
{"ts": "2026-05-02T14:12:48.984532+00:00", "symbol": "BTCUSDT", "price": 78320.73, "dom_imbalance": 0.4036, "dom_bid_vol": 2.95, "dom_ask_vol": 1.25, "dom_walls": [{"side": "bid", "price": 78320.72, "vol": 2.27717, "x_avg": 21.67}, {"side": "bid", "price": 78319.9, "vol": 0.30472, "x_avg": 2.9}, {"side": "bid", "price": 78319.89, "vol": 0.21604, "x_avg": 2.06}, {"side": "ask", "price": 78320.73, "vol": 0.62394, "x_avg": 5.94}, {"side": "ask", "price": 78322.2, "vol": 0.42159, "x_avg": 4.01}], "cvd_delta": 1.65, "cvd_cumulative": 3.21, "spread_bps": 0.0, "depth_levels": 20}
{"ts": "2026-05-02T14:13:18.377690+00:00", "symbol": "BTCUSDT", "price": 78320.73, "dom_imbalance": -0.0073, "dom_bid_vol": 2.52, "dom_ask_vol": 2.56, "dom_walls": [{"side": "bid", "price": 78320.72, "vol": 2.42829, "x_avg": 19.13}, {"side": "ask", "price": 78320.73, "vol": 1.19929, "x_avg": 9.45}, {"side": "ask", "price": 78322.2, "vol": 0.42166, "x_avg": 3.32}], "cvd_delta": -0.25, "cvd_cumulative": -5.03, "spread_bps": 0.0, "depth_levels": 20}
{"ts": "2026-05-02T14:14:18.755410+00:00", "symbol": "BTCUSDT", "price": 78320.73, "dom_imbalance": -0.08, "dom_bid_vol": 2.12, "dom_ask_vol": 2.49, "dom_walls": [{"side": "bid", "price": 78320.72, "vol": 1.7733, "x_avg": 15.39}, {"side": "bid", "price": 78317.68, "vol": 0.26006, "x_avg": 2.26}, {"side": "ask", "price": 78320.73, "vol": 1.54897, "x_avg": 13.45}, {"side": "ask", "price": 78322.2, "vol": 0.42159, "x_avg": 3.66}], "cvd_delta": -0.94, "cvd_cumulative": -5.97, "spread_bps": 0.0, "depth_levels": 20}
{"ts": "2026-05-02T14:14:50.485112+00:00", "symbol": "BTCUSDT", "price": 78309.85, "dom_imbalance": 0.0701, "dom_bid_vol": 2.53, "dom_ask_vol": 2.2, "dom_walls": [{"side": "bid", "price": 78309.84, "vol": 2.34858, "x_avg": 19.83}, {"side": "ask", "price": 78309.85, "vol": 1.79053, "x_avg": 15.12}], "cvd_delta": -1.14, "cvd_cumulative": 2.07, "spread_bps": 0.0, "depth_levels": 20}
{"ts": "2026-05-02T14:14:52.154856+00:00", "symbol": "BTCUSDT", "price": 78309.85, "dom_imbalance": -0.0625, "dom_bid_vol": 2.41, "dom_ask_vol": 2.73, "dom_walls": [{"side": "bid", "price": 78309.84, "vol": 2.33536, "x_avg": 18.19}, {"side": "ask", "price": 78309.85, "vol": 2.00873, "x_avg": 15.64}], "cvd_delta": 0.11, "cvd_cumulative": -5.86, "spread_bps": 0.0, "depth_levels": 20}
{"ts": "2026-05-02T14:15:22.828162+00:00", "symbol": "BTCUSDT", "price": 78309.85, "dom_imbalance": 0.0484, "dom_bid_vol": 2.22, "dom_ask_vol": 2.02, "dom_walls": [{"side": "bid", "price": 78309.84, "vol": 2.05192, "x_avg": 19.37}, {"side": "ask", "price": 78309.85, "vol": 1.30813, "x_avg": 12.35}, {"side": "ask", "price": 78310.92, "vol": 0.25909, "x_avg": 2.45}], "cvd_delta": 0.24, "cvd_cumulative": -5.62, "spread_bps": 0.0, "depth_levels": 20}
{"ts": "2026-05-02T14:16:03.721436+00:00", "symbol": "BTCUSDT", "price": 78309.85, "dom_imbalance": 0.3109, "dom_bid_vol": 2.75, "dom_ask_vol": 1.44, "dom_walls": [{"side": "bid", "price": 78309.84, "vol": 2.28567, "x_avg": 21.81}, {"side": "bid", "price": 78309.58, "vol": 0.28252, "x_avg": 2.7}, {"side": "ask", "price": 78309.85, "vol": 0.61761, "x_avg": 5.89}, {"side": "ask", "price": 78312.78, "vol": 0.28205, "x_avg": 2.69}], "cvd_delta": 1.12, "cvd_cumulative": -4.49, "spread_bps": 0.0, "depth_levels": 20}
{"ts": "2026-05-02T14:16:44.675791+00:00", "symbol": "BTCUSDT", "price": 78309.85, "dom_imbalance": 0.0128, "dom_bid_vol": 2.73, "dom_ask_vol": 2.66, "dom_walls": [{"side": "bid", "price": 78309.84, "vol": 2.31972, "x_avg": 17.19}, {"side": "ask", "price": 78309.85, "vol": 1.42315, "x_avg": 10.55}, {"side": "ask", "price": 78311.02, "vol": 0.32327, "x_avg": 2.4}], "cvd_delta": -1.09, "cvd_cumulative": -5.59, "spread_bps": 0.0, "depth_levels": 20}
{"ts": "2026-05-02T14:16:52.588571+00:00", "symbol": "BTCUSDT", "price": 78309.85, "dom_imbalance": -0.1654, "dom_bid_vol": 2.06, "dom_ask_vol": 2.88, "dom_walls": [{"side": "bid", "price": 78309.84, "vol": 1.82522, "x_avg": 14.76}, {"side": "ask", "price": 78309.85, "vol": 2.17759, "x_avg": 17.61}, {"side": "ask", "price": 78310.89, "vol": 0.2849, "x_avg": 2.3}], "cvd_delta": -0.89, "cvd_cumulative": 1.19, "spread_bps": 0.0, "depth_levels": 20}
{"ts": "2026-05-02T14:17:25.246310+00:00", "symbol": "BTCUSDT", "price": 78320.23, "dom_imbalance": 0.7722, "dom_bid_vol": 7.31, "dom_ask_vol": 0.94, "dom_walls": [{"side": "bid", "price": 78320.22, "vol": 5.30674, "x_avg": 25.72}, {"side": "bid", "price": 78320.0, "vol": 0.52326, "x_avg": 2.54}, {"side": "bid", "price": 78318.92, "vol": 0.47047, "x_avg": 2.28}, {"side": "ask", "price": 78320.23, "vol": 0.76886, "x_avg": 3.73}], "cvd_delta": 4.73, "cvd_cumulative": -0.86, "spread_bps": 0.0, "depth_levels": 20}
{"ts": "2026-05-02T14:18:05.854377+00:00", "symbol": "BTCUSDT", "price": 78323.9, "dom_imbalance": 0.8174, "dom_bid_vol": 8.92, "dom_ask_vol": 0.9, "dom_walls": [{"side": "bid", "price": 78323.9, "vol": 7.05943, "x_avg": 28.76}, {"side": "bid", "price": 78323.19, "vol": 0.49297, "x_avg": 2.01}], "cvd_delta": 1.59, "cvd_cumulative": 0.73, "spread_bps": 0.0, "depth_levels": 20}
{"ts": "2026-05-02T14:18:47.798419+00:00", "symbol": "BTCUSDT", "price": 78329.99, "dom_imbalance": 0.0573, "dom_bid_vol": 6.0, "dom_ask_vol": 5.35, "dom_walls": [{"side": "bid", "price": 78329.99, "vol": 4.74221, "x_avg": 16.72}, {"side": "ask", "price": 78330.0, "vol": 5.28386, "x_avg": 18.63}], "cvd_delta": -7.15, "cvd_cumulative": -6.42, "spread_bps": 0.0, "depth_levels": 20}
{"ts": "2026-05-02T14:18:53.949652+00:00", "symbol": "BTCUSDT", "price": 78329.99, "dom_imbalance": 0.0632, "dom_bid_vol": 6.06, "dom_ask_vol": 5.34, "dom_walls": [{"side": "bid", "price": 78329.99, "vol": 4.70319, "x_avg": 16.5}, {"side": "ask", "price": 78330.0, "vol": 5.27562, "x_avg": 18.51}], "cvd_delta": 0.07, "cvd_cumulative": 1.25, "spread_bps": 0.0, "depth_levels": 20}
{"ts": "2026-05-02T14:19:41.185458+00:00", "symbol": "BTCUSDT", "price": 78345.67, "dom_imbalance": -0.4946, "dom_bid_vol": 1.25, "dom_ask_vol": 3.69, "dom_walls": [{"side": "bid", "price": 78343.49, "vol": 0.8961, "x_avg": 7.25}, {"side": "ask", "price": 78345.67, "vol": 3.32738, "x_avg": 26.93}], "cvd_delta": -2.91, "cvd_cumulative": -9.33, "spread_bps": 0.0, "depth_levels": 20}
{"ts": "2026-05-02T14:20:11.621514+00:00", "symbol": "BTCUSDT", "price": 78340.64, "dom_imbalance": -0.9258, "dom_bid_vol": 0.28, "dom_ask_vol": 7.19, "dom_walls": [{"side": "ask", "price": 78340.64, "vol": 4.65928, "x_avg": 24.96}, {"side": "ask", "price": 78345.65, "vol": 1.16958, "x_avg": 6.27}], "cvd_delta": -1.3, "cvd_cumulative": -10.63, "spread_bps": 0.0, "depth_levels": 20}
{"ts": "2026-05-02T14:20:52.218777+00:00", "symbol": "BTCUSDT", "price": 78335.39, "dom_imbalance": -0.8519, "dom_bid_vol": 0.61, "dom_ask_vol": 7.61, "dom_walls": [{"side": "ask", "price": 78335.4, "vol": 5.66698, "x_avg": 27.57}, {"side": "ask", "price": 78336.49, "vol": 1.12784, "x_avg": 5.49}], "cvd_delta": -2.4, "cvd_cumulative": -13.04, "spread_bps": 0.0, "depth_levels": 20}
{"ts": "2026-05-02T14:20:55.324545+00:00", "symbol": "BTCUSDT", "price": 78335.39, "dom_imbalance": -0.8487, "dom_bid_vol": 0.6, "dom_ask_vol": 7.34, "dom_walls": [{"side": "ask", "price": 78335.4, "vol": 5.58534, "x_avg": 28.14}, {"side": "ask", "price": 78336.49, "vol": 1.12784, "x_avg": 5.68}], "cvd_delta": -6.51, "cvd_cumulative": -5.26, "spread_bps": 0.0, "depth_levels": 20}
{"ts": "2026-05-02T14:21:32.757456+00:00", "symbol": "BTCUSDT", "price": 78335.39, "dom_imbalance": -0.8502, "dom_bid_vol": 0.61, "dom_ask_vol": 7.52, "dom_walls": [{"side": "ask", "price": 78335.4, "vol": 5.78396, "x_avg": 28.48}, {"side": "ask", "price": 78336.49, "vol": 1.12784, "x_avg": 5.55}], "cvd_delta": 1.05, "cvd_cumulative": -11.99, "spread_bps": 0.0, "depth_levels": 20}
{"ts": "2026-05-02T14:22:13.322238+00:00", "symbol": "BTCUSDT", "price": 78335.39, "dom_imbalance": -0.6372, "dom_bid_vol": 1.27, "dom_ask_vol": 5.72, "dom_walls": [{"side": "bid", "price": 78335.39, "vol": 1.17586, "x_avg": 6.73}, {"side": "ask", "price": 78335.4, "vol": 4.04985, "x_avg": 23.18}, {"side": "ask", "price": 78336.49, "vol": 1.12784, "x_avg": 6.46}], "cvd_delta": 2.6, "cvd_cumulative": -9.39, "spread_bps": 0.0, "depth_levels": 20}
{"ts": "2026-05-02T14:22:53.914969+00:00", "symbol": "BTCUSDT", "price": 78344.39, "dom_imbalance": -0.295, "dom_bid_vol": 1.83, "dom_ask_vol": 3.37, "dom_walls": [{"side": "bid", "price": 78344.39, "vol": 0.86756, "x_avg": 6.67}, {"side": "bid", "price": 78343.49, "vol": 0.84896, "x_avg": 6.52}, {"side": "ask", "price": 78344.4, "vol": 2.69225, "x_avg": 20.69}], "cvd_delta": 1.27, "cvd_cumulative": -8.12, "spread_bps": 0.0, "depth_levels": 20}
{"ts": "2026-05-02T14:22:56.736980+00:00", "symbol": "BTCUSDT", "price": 78344.39, "dom_imbalance": -0.4369, "dom_bid_vol": 1.31, "dom_ask_vol": 3.35, "dom_walls": [{"side": "bid", "price": 78344.39, "vol": 0.30281, "x_avg": 2.6}, {"side": "bid", "price": 78343.49, "vol": 0.84896, "x_avg": 7.29}, {"side": "ask", "price": 78344.4, "vol": 2.68377, "x_avg": 23.05}, {"side": "ask", "price": 78344.98, "vol": 0.29518, "x_avg": 2.54}], "cvd_delta": 4.12, "cvd_cumulative": -1.13, "spread_bps": 0.0, "depth_levels": 20}
{"ts": "2026-05-02T14:23:34.515590+00:00", "symbol": "BTCUSDT", "price": 78325.01, "dom_imbalance": -0.6643, "dom_bid_vol": 1.13, "dom_ask_vol": 5.61, "dom_walls": [{"side": "bid", "price": 78325.0, "vol": 0.66061, "x_avg": 3.92}, {"side": "ask", "price": 78325.01, "vol": 3.89434, "x_avg": 23.12}, {"side": "ask", "price": 78326.06, "vol": 1.00642, "x_avg": 5.98}, {"side": "ask", "price": 78326.28, "vol": 0.45906, "x_avg": 2.73}], "cvd_delta": -1.3, "cvd_cumulative": -9.42, "spread_bps": 0.0, "depth_levels": 20}
{"ts": "2026-05-02T14:24:41.379048+00:00", "symbol": "BTCUSDT", "price": 78325.01, "dom_imbalance": -0.0892, "dom_bid_vol": 2.06, "dom_ask_vol": 2.46, "dom_walls": [{"side": "bid", "price": 78325.0, "vol": 1.99852, "x_avg": 17.67}, {"side": "ask", "price": 78325.01, "vol": 2.13409, "x_avg": 18.87}], "cvd_delta": 3.1, "cvd_cumulative": -6.32, "spread_bps": 0.0, "depth_levels": 20}
{"ts": "2026-05-02T14:24:51.643932+00:00", "symbol": "BTCUSDT", "price": 78325.01, "dom_imbalance": 0.1029, "dom_bid_vol": 2.2, "dom_ask_vol": 1.79, "dom_walls": [{"side": "bid", "price": 78325.0, "vol": 2.03069, "x_avg": 20.4}, {"side": "ask", "price": 78325.01, "vol": 1.40121, "x_avg": 14.08}], "cvd_delta": 0.76, "cvd_cumulative": -5.56, "spread_bps": 0.0, "depth_levels": 20}
{"ts": "2026-05-02T14:24:58.144282+00:00", "symbol": "BTCUSDT", "price": 78325.01, "dom_imbalance": -0.7403, "dom_bid_vol": 0.74, "dom_ask_vol": 4.98, "dom_walls": [{"side": "bid", "price": 78325.0, "vol": 0.47438, "x_avg": 3.32}, {"side": "ask", "price": 78325.01, "vol": 1.95705, "x_avg": 13.68}, {"side": "ask", "price": 78326.24, "vol": 0.83999, "x_avg": 5.87}, {"side": "ask", "price": 78326.25, "vol": 1.91367, "x_avg": 13.38}], "cvd_delta": 1.17, "cvd_cumulative": 0.03, "spread_bps": 0.0, "depth_levels": 20}
{"ts": "2026-05-02T14:25:32.181962+00:00", "symbol": "BTCUSDT", "price": 78429.99, "dom_imbalance": -0.2224, "dom_bid_vol": 10.55, "dom_ask_vol": 16.58, "dom_walls": [{"side": "bid", "price": 78429.99, "vol": 8.07629, "x_avg": 11.91}, {"side": "ask", "price": 78430.0, "vol": 16.49046, "x_avg": 24.32}], "cvd_delta": -8.91, "cvd_cumulative": -14.47, "spread_bps": 0.0, "depth_levels": 20}
{"ts": "2026-05-02T14:26:25.761673+00:00", "symbol": "BTCUSDT", "price": 78441.98, "dom_imbalance": -0.1281, "dom_bid_vol": 2.22, "dom_ask_vol": 2.88, "dom_walls": [{"side": "bid", "price": 78441.97, "vol": 1.9192, "x_avg": 15.05}, {"side": "ask", "price": 78441.98, "vol": 2.62167, "x_avg": 20.56}], "cvd_delta": 7.69, "cvd_cumulative": -6.78, "spread_bps": 0.0, "depth_levels": 20}
{"ts": "2026-05-02T14:26:56.232933+00:00", "symbol": "BTCUSDT", "price": 78440.76, "dom_imbalance": -0.6865, "dom_bid_vol": 2.03, "dom_ask_vol": 10.94, "dom_walls": [{"side": "bid", "price": 78440.75, "vol": 1.98417, "x_avg": 6.12}, {"side": "ask", "price": 78440.76, "vol": 4.40756, "x_avg": 13.59}, {"side": "ask", "price": 78443.27, "vol": 1.45466, "x_avg": 4.49}, {"side": "ask", "price": 78443.28, "vol": 4.71766, "x_avg": 14.55}], "cvd_delta": -1.84, "cvd_cumulative": -8.62, "spread_bps": 0.0, "depth_levels": 20}
{"ts": "2026-05-02T14:26:59.463189+00:00", "symbol": "BTCUSDT", "price": 78440.76, "dom_imbalance": -0.5294, "dom_bid_vol": 1.43, "dom_ask_vol": 4.64, "dom_walls": [{"side": "bid", "price": 78440.75, "vol": 0.96249, "x_avg": 6.35}, {"side": "ask", "price": 78440.76, "vol": 4.17966, "x_avg": 27.57}], "cvd_delta": -1.74, "cvd_cumulative": -1.71, "spread_bps": 0.0, "depth_levels": 20}
{"ts": "2026-05-02T14:27:36.765667+00:00", "symbol": "BTCUSDT", "price": 78406.46, "dom_imbalance": -0.9322, "dom_bid_vol": 0.14, "dom_ask_vol": 3.95, "dom_walls": [{"side": "ask", "price": 78406.46, "vol": 2.80032, "x_avg": 27.39}, {"side": "ask", "price": 78406.53, "vol": 0.22158, "x_avg": 2.17}, {"side": "ask", "price": 78406.54, "vol": 0.54468, "x_avg": 5.33}, {"side": "ask", "price": 78408.79, "vol": 0.24545, "x_avg": 2.4}], "cvd_delta": -1.15, "cvd_cumulative": -9.77, "spread_bps": 0.0, "depth_levels": 20}
{"ts": "2026-05-02T14:28:43.611002+00:00", "symbol": "BTCUSDT", "price": 78420.43, "dom_imbalance": -0.7937, "dom_bid_vol": 0.77, "dom_ask_vol": 6.68, "dom_walls": [{"side": "ask", "price": 78420.44, "vol": 5.08683, "x_avg": 27.3}, {"side": "ask", "price": 78421.99, "vol": 0.4664, "x_avg": 2.5}, {"side": "ask", "price": 78424.38, "vol": 0.71276, "x_avg": 3.83}], "cvd_delta": -1.11, "cvd_cumulative": -10.88, "spread_bps": 0.0, "depth_levels": 20}
{"ts": "2026-05-02T14:28:53.878764+00:00", "symbol": "BTCUSDT", "price": 78420.43, "dom_imbalance": -0.8579, "dom_bid_vol": 0.5, "dom_ask_vol": 6.57, "dom_walls": [{"side": "ask", "price": 78420.44, "vol": 4.98428, "x_avg": 28.19}, {"side": "ask", "price": 78421.99, "vol": 0.4664, "x_avg": 2.64}, {"side": "ask", "price": 78424.38, "vol": 0.70797, "x_avg": 4.0}], "cvd_delta": -0.17, "cvd_cumulative": -11.06, "spread_bps": 0.0, "depth_levels": 20}
{"ts": "2026-05-02T14:29:00.747307+00:00", "symbol": "BTCUSDT", "price": 78420.43, "dom_imbalance": -0.9102, "dom_bid_vol": 0.32, "dom_ask_vol": 6.77, "dom_walls": [{"side": "ask", "price": 78420.44, "vol": 5.17493, "x_avg": 29.21}, {"side": "ask", "price": 78421.99, "vol": 0.4664, "x_avg": 2.63}, {"side": "ask", "price": 78424.38, "vol": 0.7079, "x_avg": 4.0}], "cvd_delta": -1.84, "cvd_cumulative": -3.55, "spread_bps": 0.0, "depth_levels": 20}
{"ts": "2026-05-02T14:29:34.568740+00:00", "symbol": "BTCUSDT", "price": 78415.12, "dom_imbalance": -0.8242, "dom_bid_vol": 0.79, "dom_ask_vol": 8.2, "dom_walls": [{"side": "ask", "price": 78415.13, "vol": 4.29561, "x_avg": 19.1}, {"side": "ask", "price": 78416.33, "vol": 0.9434, "x_avg": 4.2}, {"side": "ask", "price": 78416.36, "vol": 1.91275, "x_avg": 8.51}, {"side": "ask", "price": 78417.37, "vol": 0.45616, "x_avg": 2.03}], "cvd_delta": 0.97, "cvd_cumulative": -10.09, "spread_bps": 0.0, "depth_levels": 20}
{"ts": "2026-05-02T14:30:15.061176+00:00", "symbol": "BTCUSDT", "price": 78420.43, "dom_imbalance": -0.4987, "dom_bid_vol": 0.86, "dom_ask_vol": 2.56, "dom_walls": [{"side": "bid", "price": 78420.43, "vol": 0.20517, "x_avg": 2.4}, {"side": "bid", "price": 78418.96, "vol": 0.21131, "x_avg": 2.47}, {"side": "bid", "price": 78417.95, "vol": 0.19786, "x_avg": 2.32}, {"side": "bid", "price": 78416.97, "vol": 0.19579, "x_avg": 2.29}, {"side": "ask", "price": 78420.44, "vol": 2.30216, "x_avg": 26.95}], "cvd_delta": 1.7, "cvd_cumulative": -8.39, "spread_bps": 0.0, "depth_levels": 20}
{"ts": "2026-05-02T14:30:55.576870+00:00", "symbol": "BTCUSDT", "price": 78406.02, "dom_imbalance": -0.969, "dom_bid_vol": 0.2, "dom_ask_vol": 12.39, "dom_walls": [{"side": "ask", "price": 78406.03, "vol": 3.41981, "x_avg": 10.87}, {"side": "ask", "price": 78408.84, "vol": 2.05936, "x_avg": 6.55}, {"side": "ask", "price": 78408.85, "vol": 2.50164, "x_avg": 7.95}, {"side": "ask", "price": 78410.2, "vol": 2.80505, "x_avg": 8.92}], "cvd_delta": -1.47, "cvd_cumulative": -9.86, "spread_bps": 0.0, "depth_levels": 20}
{"ts": "2026-05-02T14:31:02.062753+00:00", "symbol": "BTCUSDT", "price": 78404.48, "dom_imbalance": -0.8941, "dom_bid_vol": 0.71, "dom_ask_vol": 12.77, "dom_walls": [{"side": "ask", "price": 78404.48, "vol": 5.15579, "x_avg": 15.3}, {"side": "ask", "price": 78405.24, "vol": 0.77457, "x_avg": 2.3}, {"side": "ask", "price": 78408.77, "vol": 1.91261, "x_avg": 5.67}, {"side": "ask", "price": 78408.79, "vol": 1.38304, "x_avg": 4.1}, {"side": "ask", "price": 78408.8, "vol": 2.80505, "x_avg": 8.32}], "cvd_delta": -0.24, "cvd_cumulative": -3.79, "spread_bps": 0.0, "depth_levels": 20}
{"ts": "2026-05-02T14:31:36.803274+00:00", "symbol": "BTCUSDT", "price": 78405.24, "dom_imbalance": 0.8481, "dom_bid_vol": 4.95, "dom_ask_vol": 0.41, "dom_walls": [{"side": "bid", "price": 78405.23, "vol": 3.34966, "x_avg": 25.01}, {"side": "bid", "price": 78405.21, "vol": 0.56581, "x_avg": 4.22}, {"side": "bid", "price": 78402.65, "vol": 0.32193, "x_avg": 2.4}, {"side": "bid", "price": 78401.09, "vol": 0.47435, "x_avg": 3.54}], "cvd_delta": 7.37, "cvd_cumulative": -2.49, "spread_bps": 0.0, "depth_levels": 20}
{"ts": "2026-05-02T14:32:18.945645+00:00", "symbol": "BTCUSDT", "price": 78426.96, "dom_imbalance": 0.9036, "dom_bid_vol": 6.83, "dom_ask_vol": 0.35, "dom_walls": [{"side": "bid", "price": 78426.96, "vol": 4.58321, "x_avg": 25.53}, {"side": "bid", "price": 78426.37, "vol": 0.49477, "x_avg": 2.76}, {"side": "bid", "price": 78426.36, "vol": 0.47415, "x_avg": 2.64}, {"side": "bid", "price": 78426.35, "vol": 0.56111, "x_avg": 3.13}], "cvd_delta": 1.2, "cvd_cumulative": -1.29, "spread_bps": 0.0, "depth_levels": 20}
{"ts": "2026-05-02T14:33:00.011817+00:00", "symbol": "BTCUSDT", "price": 78426.96, "dom_imbalance": 0.8674, "dom_bid_vol": 7.28, "dom_ask_vol": 0.52, "dom_walls": [{"side": "bid", "price": 78426.96, "vol": 5.85765, "x_avg": 30.06}, {"side": "ask", "price": 78426.97, "vol": 0.42491, "x_avg": 2.18}], "cvd_delta": 0.71, "cvd_cumulative": -0.58, "spread_bps": 0.0, "depth_levels": 20}
{"ts": "2026-05-02T14:33:06.294249+00:00", "symbol": "BTCUSDT", "price": 78432.23, "dom_imbalance": 0.4611, "dom_bid_vol": 5.78, "dom_ask_vol": 2.13, "dom_walls": [{"side": "bid", "price": 78432.22, "vol": 3.52107, "x_avg": 17.8}, {"side": "bid", "price": 78431.98, "vol": 0.54748, "x_avg": 2.77}, {"side": "bid", "price": 78431.97, "vol": 0.46039, "x_avg": 2.33}, {"side": "bid", "price": 78430.82, "vol": 0.5935, "x_avg": 3.0}, {"side": "ask", "price": 78432.23, "vol": 1.66172, "x_avg": 8.4}], "cvd_delta": 8.2, "cvd_cumulative": 4.42, "spread_bps": 0.0, "depth_levels": 20}
{"ts": "2026-05-02T14:33:40.916524+00:00", "symbol": "BTCUSDT", "price": 78418.04, "dom_imbalance": 0.6269, "dom_bid_vol": 6.64, "dom_ask_vol": 1.52, "dom_walls": [{"side": "bid", "price": 78418.04, "vol": 5.59137, "x_avg": 27.39}, {"side": "ask", "price": 78418.05, "vol": 1.31863, "x_avg": 6.46}], "cvd_delta": -1.3, "cvd_cumulative": -1.87, "spread_bps": 0.0, "depth_levels": 20}
{"ts": "2026-05-02T14:34:21.630365+00:00", "symbol": "BTCUSDT", "price": 78439.29, "dom_imbalance": 0.8191, "dom_bid_vol": 4.68, "dom_ask_vol": 0.47, "dom_walls": [{"side": "bid", "price": 78439.28, "vol": 2.91025, "x_avg": 22.63}, {"side": "bid", "price": 78437.72, "vol": 0.30057, "x_avg": 2.34}, {"side": "bid", "price": 78435.99, "vol": 0.5048, "x_avg": 3.92}, {"side": "ask", "price": 78439.29, "vol": 0.36963, "x_avg": 2.87}], "cvd_delta": -1.47, "cvd_cumulative": -3.34, "spread_bps": 0.0, "depth_levels": 20}
{"ts": "2026-05-02T14:35:02.120794+00:00", "symbol": "BTCUSDT", "price": 78445.29, "dom_imbalance": 0.9955, "dom_bid_vol": 15.64, "dom_ask_vol": 0.03, "dom_walls": [{"side": "bid", "price": 78445.28, "vol": 10.04107, "x_avg": 25.63}, {"side": "bid", "price": 78444.18, "vol": 1.21101, "x_avg": 3.09}, {"side": "bid", "price": 78444.17, "vol": 0.9433, "x_avg": 2.41}, {"side": "bid", "price": 78443.71, "vol": 2.35397, "x_avg": 6.01}], "cvd_delta": 7.61, "cvd_cumulative": 4.26, "spread_bps": 0.0, "depth_levels": 20}
{"ts": "2026-05-02T14:35:07.604728+00:00", "symbol": "BTCUSDT", "price": 78461.54, "dom_imbalance": 0.4841, "dom_bid_vol": 5.37, "dom_ask_vol": 1.87, "dom_walls": [{"side": "bid", "price": 78461.54, "vol": 5.05966, "x_avg": 27.98}, {"side": "ask", "price": 78461.55, "vol": 1.11961, "x_avg": 6.19}, {"side": "ask", "price": 78465.05, "vol": 0.55767, "x_avg": 3.08}], "cvd_delta": 1.24, "cvd_cumulative": 5.65, "spread_bps": 0.0, "depth_levels": 20}
{"ts": "2026-05-02T14:35:42.659600+00:00", "symbol": "BTCUSDT", "price": 78450.55, "dom_imbalance": -0.7655, "dom_bid_vol": 1.43, "dom_ask_vol": 10.73, "dom_walls": [{"side": "bid", "price": 78450.55, "vol": 1.14639, "x_avg": 3.77}, {"side": "ask", "price": 78450.56, "vol": 3.86368, "x_avg": 12.71}, {"side": "ask", "price": 78452.17, "vol": 1.42607, "x_avg": 4.69}, {"side": "ask", "price": 78452.18, "vol": 2.04065, "x_avg": 6.71}, {"side": "ask", "price": 78453.7, "vol": 2.80505, "x_avg": 9.23}], "cvd_delta": -13.15, "cvd_cumulative": -8.88, "spread_bps": 0.0, "depth_levels": 20}
{"ts": "2026-05-02T14:36:23.208436+00:00", "symbol": "BTCUSDT", "price": 78441.55, "dom_imbalance": 0.1384, "dom_bid_vol": 2.35, "dom_ask_vol": 1.78, "dom_walls": [{"side": "bid", "price": 78441.55, "vol": 1.84162, "x_avg": 17.84}, {"side": "bid", "price": 78440.46, "vol": 0.21262, "x_avg": 2.06}, {"side": "ask", "price": 78441.56, "vol": 1.11126, "x_avg": 10.76}, {"side": "ask", "price": 78443.07, "vol": 0.21735, "x_avg": 2.11}], "cvd_delta": 3.34, "cvd_cumulative": -5.54, "spread_bps": 0.0, "depth_levels": 20}
{"ts": "2026-05-02T14:37:03.770112+00:00", "symbol": "BTCUSDT", "price": 78433.49, "dom_imbalance": -0.9386, "dom_bid_vol": 0.37, "dom_ask_vol": 11.71, "dom_walls": [{"side": "ask", "price": 78433.5, "vol": 4.08669, "x_avg": 13.53}, {"side": "ask", "price": 78435.05, "vol": 1.71352, "x_avg": 5.67}, {"side": "ask", "price": 78435.07, "vol": 2.85171, "x_avg": 9.44}, {"side": "ask", "price": 78436.29, "vol": 2.29502, "x_avg": 7.6}], "cvd_delta": -4.97, "cvd_cumulative": -10.51, "spread_bps": 0.0, "depth_levels": 20}
{"ts": "2026-05-02T14:37:08.915169+00:00", "symbol": "BTCUSDT", "price": 78427.24, "dom_imbalance": -0.3825, "dom_bid_vol": 2.63, "dom_ask_vol": 5.88, "dom_walls": [{"side": "bid", "price": 78427.23, "vol": 2.11393, "x_avg": 9.94}, {"side": "ask", "price": 78427.24, "vol": 1.11629, "x_avg": 5.25}, {"side": "ask", "price": 78431.9, "vol": 2.50536, "x_avg": 11.78}, {"side": "ask", "price": 78431.91, "vol": 1.91254, "x_avg": 8.99}], "cvd_delta": -3.11, "cvd_cumulative": 2.54, "spread_bps": 0.0, "depth_levels": 20}
{"ts": "2026-05-02T14:37:44.358894+00:00", "symbol": "BTCUSDT", "price": 78427.24, "dom_imbalance": -0.6934, "dom_bid_vol": 1.56, "dom_ask_vol": 8.59, "dom_walls": [{"side": "bid", "price": 78427.23, "vol": 1.51621, "x_avg": 5.97}, {"side": "ask", "price": 78427.24, "vol": 1.95125, "x_avg": 7.69}, {"side": "ask", "price": 78428.74, "vol": 1.46328, "x_avg": 5.77}, {"side": "ask", "price": 78428.75, "vol": 2.80505, "x_avg": 11.05}, {"side": "ask", "price": 78428.77, "vol": 1.91254, "x_avg": 7.54}], "cvd_delta": 3.83, "cvd_cumulative": -6.68, "spread_bps": 0.0, "depth_levels": 20}
{"ts": "2026-05-02T14:38:24.969297+00:00", "symbol": "BTCUSDT", "price": 78416.73, "dom_imbalance": -0.9555, "dom_bid_vol": 0.19, "dom_ask_vol": 8.15, "dom_walls": [{"side": "ask", "price": 78416.73, "vol": 3.77587, "x_avg": 18.12}, {"side": "ask", "price": 78416.74, "vol": 0.42563, "x_avg": 2.04}, {"side": "ask", "price": 78417.21, "vol": 0.68004, "x_avg": 3.26}, {"side": "ask", "price": 78417.22, "vol": 1.91268, "x_avg": 9.18}, {"side": "ask", "price": 78417.23, "vol": 0.87234, "x_avg": 4.19}], "cvd_delta": -4.35, "cvd_cumulative": -11.03, "spread_bps": 0.0, "depth_levels": 20}
{"ts": "2026-05-02T14:39:05.571581+00:00", "symbol": "BTCUSDT", "price": 78387.05, "dom_imbalance": -0.2623, "dom_bid_vol": 2.76, "dom_ask_vol": 4.72, "dom_walls": [{"side": "bid", "price": 78387.05, "vol": 2.1945, "x_avg": 11.73}, {"side": "ask", "price": 78387.06, "vol": 0.8835, "x_avg": 4.72}, {"side": "ask", "price": 78389.93, "vol": 1.51376, "x_avg": 8.09}, {"side": "ask", "price": 78389.94, "vol": 1.91268, "x_avg": 10.23}], "cvd_delta": 6.09, "cvd_cumulative": -4.94, "spread_bps": 0.0, "depth_levels": 20}
{"ts": "2026-05-02T14:39:10.281469+00:00", "symbol": "BTCUSDT", "price": 78387.05, "dom_imbalance": -0.2765, "dom_bid_vol": 2.68, "dom_ask_vol": 4.72, "dom_walls": [{"side": "bid", "price": 78387.05, "vol": 2.19061, "x_avg": 11.84}, {"side": "ask", "price": 78387.06, "vol": 0.87262, "x_avg": 4.72}, {"side": "ask", "price": 78389.93, "vol": 1.51376, "x_avg": 8.18}, {"side": "ask", "price": 78389.94, "vol": 1.91268, "x_avg": 10.34}], "cvd_delta": 0.23, "cvd_cumulative": 2.77, "spread_bps": 0.0, "depth_levels": 20}
{"ts": "2026-05-02T14:39:46.196548+00:00", "symbol": "BTCUSDT", "price": 78387.05, "dom_imbalance": -0.6691, "dom_bid_vol": 1.73, "dom_ask_vol": 8.73, "dom_walls": [{"side": "bid", "price": 78387.05, "vol": 1.43016, "x_avg": 5.47}, {"side": "ask", "price": 78387.06, "vol": 1.71887, "x_avg": 6.57}, {"side": "ask", "price": 78389.68, "vol": 1.8041, "x_avg": 6.9}, {"side": "ask", "price": 78389.69, "vol": 1.91268, "x_avg": 7.31}, {"side": "ask", "price": 78390.76, "vol": 2.80505, "x_avg": 10.72}], "cvd_delta": -1.73, "cvd_cumulative": -6.67, "spread_bps": 0.0, "depth_levels": 20}
{"ts": "2026-05-02T14:40:26.690473+00:00", "symbol": "BTCUSDT", "price": 78385.01, "dom_imbalance": 0.3559, "dom_bid_vol": 3.45, "dom_ask_vol": 1.64, "dom_walls": [{"side": "bid", "price": 78385.0, "vol": 3.05626, "x_avg": 24.05}, {"side": "ask", "price": 78385.01, "vol": 0.73852, "x_avg": 5.81}], "cvd_delta": 2.82, "cvd_cumulative": -3.84, "spread_bps": 0.0, "depth_levels": 20}
{"ts": "2026-05-02T14:41:07.210966+00:00", "symbol": "BTCUSDT", "price": 78386.76, "dom_imbalance": 0.772, "dom_bid_vol": 10.72, "dom_ask_vol": 1.38, "dom_walls": [{"side": "bid", "price": 78386.76, "vol": 7.77047, "x_avg": 25.69}, {"side": "bid", "price": 78386.59, "vol": 0.66537, "x_avg": 2.2}, {"side": "bid", "price": 78385.0, "vol": 1.65582, "x_avg": 5.48}, {"side": "ask", "price": 78386.77, "vol": 0.90485, "x_avg": 2.99}], "cvd_delta": 5.19, "cvd_cumulative": 1.35, "spread_bps": 0.0, "depth_levels": 20}
{"ts": "2026-05-02T14:41:11.516301+00:00", "symbol": "BTCUSDT", "price": 78386.76, "dom_imbalance": 0.1146, "dom_bid_vol": 3.58, "dom_ask_vol": 2.84, "dom_walls": [{"side": "bid", "price": 78386.76, "vol": 2.54093, "x_avg": 15.82}, {"side": "bid", "price": 78385.0, "vol": 0.70096, "x_avg": 4.37}, {"side": "ask", "price": 78386.77, "vol": 2.48151, "x_avg": 15.45}], "cvd_delta": -1.16, "cvd_cumulative": 1.61, "spread_bps": 0.0, "depth_levels": 20}
{"ts": "2026-05-02T14:49:31.867190+00:00", "symbol": "BTCUSDT", "price": 78433.29, "dom_imbalance": -0.6304, "dom_bid_vol": 1.18, "dom_ask_vol": 5.21, "dom_walls": [{"side": "bid", "price": 78433.29, "vol": 0.68502, "x_avg": 4.29}, {"side": "ask", "price": 78433.3, "vol": 2.40964, "x_avg": 15.08}, {"side": "ask", "price": 78434.71, "vol": 0.78371, "x_avg": 4.9}, {"side": "ask", "price": 78434.72, "vol": 1.91268, "x_avg": 11.97}], "cvd_delta": -9.01, "cvd_cumulative": -7.66, "spread_bps": 0.0, "depth_levels": 20}
{"ts": "2026-05-02T14:49:53.687409+00:00", "symbol": "BTCUSDT", "price": 78433.29, "dom_imbalance": -0.0014, "dom_bid_vol": 1.92, "dom_ask_vol": 1.93, "dom_walls": [{"side": "bid", "price": 78433.29, "vol": 1.57952, "x_avg": 16.41}, {"side": "bid", "price": 78432.29, "vol": 0.2067, "x_avg": 2.15}, {"side": "ask", "price": 78433.3, "vol": 1.78197, "x_avg": 18.51}], "cvd_delta": -0.21, "cvd_cumulative": 1.4, "spread_bps": 0.0, "depth_levels": 20}
{"ts": "2026-05-02T14:50:12.459536+00:00", "symbol": "BTCUSDT", "price": 78433.29, "dom_imbalance": 0.4273, "dom_bid_vol": 2.89, "dom_ask_vol": 1.16, "dom_walls": [{"side": "bid", "price": 78433.29, "vol": 2.04163, "x_avg": 20.15}, {"side": "bid", "price": 78432.32, "vol": 0.30657, "x_avg": 3.03}, {"side": "ask", "price": 78433.3, "vol": 0.99351, "x_avg": 9.81}], "cvd_delta": 2.6, "cvd_cumulative": -5.07, "spread_bps": 0.0, "depth_levels": 20}
{"ts": "2026-05-02T14:50:53.112748+00:00", "symbol": "BTCUSDT", "price": 78422.9, "dom_imbalance": 0.6209, "dom_bid_vol": 4.03, "dom_ask_vol": 0.94, "dom_walls": [{"side": "bid", "price": 78422.9, "vol": 3.3896, "x_avg": 27.29}, {"side": "ask", "price": 78422.91, "vol": 0.69744, "x_avg": 5.62}], "cvd_delta": 1.77, "cvd_cumulative": -3.3, "spread_bps": 0.0, "depth_levels": 20}
{"ts": "2026-05-02T14:51:44.936562+00:00", "symbol": "BTCUSDT", "price": 78443.49, "dom_imbalance": -0.4153, "dom_bid_vol": 2.23, "dom_ask_vol": 5.4, "dom_walls": [{"side": "bid", "price": 78443.49, "vol": 1.45665, "x_avg": 7.63}, {"side": "ask", "price": 78443.5, "vol": 1.94192, "x_avg": 10.18}, {"side": "ask", "price": 78444.25, "vol": 0.79288, "x_avg": 4.16}, {"side": "ask", "price": 78445.83, "vol": 1.91282, "x_avg": 10.02}], "cvd_delta": -0.55, "cvd_cumulative": 0.85, "spread_bps": 0.0, "depth_levels": 20}
{"ts": "2026-05-02T14:51:47.534997+00:00", "symbol": "BTCUSDT", "price": 78443.49, "dom_imbalance": -0.3942, "dom_bid_vol": 2.23, "dom_ask_vol": 5.13, "dom_walls": [{"side": "bid", "price": 78443.49, "vol": 1.41295, "x_avg": 7.68}, {"side": "ask", "price": 78443.5, "vol": 1.71876, "x_avg": 9.34}, {"side": "ask", "price": 78444.25, "vol": 0.79281, "x_avg": 4.31}, {"side": "ask", "price": 78445.83, "vol": 1.91282, "x_avg": 10.4}], "cvd_delta": -3.37, "cvd_cumulative": -6.67, "spread_bps": 0.0, "depth_levels": 20}
{"ts": "2026-05-02T14:52:25.849154+00:00", "symbol": "BTCUSDT", "price": 78464.74, "dom_imbalance": -0.765, "dom_bid_vol": 0.71, "dom_ask_vol": 5.33, "dom_walls": [{"side": "bid", "price": 78464.74, "vol": 0.33436, "x_avg": 2.22}, {"side": "ask", "price": 78464.75, "vol": 3.08004, "x_avg": 20.41}, {"side": "ask", "price": 78465.04, "vol": 0.64544, "x_avg": 4.28}, {"side": "ask", "price": 78465.05, "vol": 0.54229, "x_avg": 3.59}], "cvd_delta": -2.48, "cvd_cumulative": -9.15, "spread_bps": 0.0, "depth_levels": 20}
{"ts": "2026-05-02T14:52:56.291619+00:00", "symbol": "BTCUSDT", "price": 78450.55, "dom_imbalance": -0.7872, "dom_bid_vol": 1.21, "dom_ask_vol": 10.18, "dom_walls": [{"side": "bid", "price": 78450.55, "vol": 1.06633, "x_avg": 3.74}, {"side": "ask", "price": 78450.56, "vol": 2.75368, "x_avg": 9.67}, {"side": "ask", "price": 78450.57, "vol": 1.51826, "x_avg": 5.33}, {"side": "ask", "price": 78450.58, "vol": 2.80519, "x_avg": 9.85}, {"side": "ask", "price": 78452.14, "vol": 2.04072, "x_avg": 7.17}], "cvd_delta": -3.04, "cvd_cumulative": -12.2, "spread_bps": 0.0, "depth_levels": 20}
{"ts": "2026-05-02T14:53:37.161459+00:00", "symbol": "BTCUSDT", "price": 78441.52, "dom_imbalance": -0.8152, "dom_bid_vol": 1.05, "dom_ask_vol": 10.36, "dom_walls": [{"side": "bid", "price": 78441.52, "vol": 0.65212, "x_avg": 2.28}, {"side": "ask", "price": 78441.53, "vol": 3.70148, "x_avg": 12.97}, {"side": "ask", "price": 78441.81, "vol": 1.33081, "x_avg": 4.66}, {"side": "ask", "price": 78442.12, "vol": 4.73333, "x_avg": 16.58}], "cvd_delta": 1.65, "cvd_cumulative": -10.54, "spread_bps": 0.0, "depth_levels": 20}
{"ts": "2026-05-02T14:54:08.106084+00:00", "symbol": "BTCUSDT", "price": 78426.27, "dom_imbalance": -0.5422, "dom_bid_vol": 1.45, "dom_ask_vol": 4.88, "dom_walls": [{"side": "bid", "price": 78426.27, "vol": 1.2492, "x_avg": 7.9}, {"side": "ask", "price": 78426.28, "vol": 4.69932, "x_avg": 29.72}], "cvd_delta": -2.81, "cvd_cumulative": -1.97, "spread_bps": 0.0, "depth_levels": 20}
{"ts": "2026-05-02T14:54:38.476832+00:00", "symbol": "BTCUSDT", "price": 78426.27, "dom_imbalance": -0.6006, "dom_bid_vol": 1.13, "dom_ask_vol": 4.52, "dom_walls": [{"side": "bid", "price": 78426.27, "vol": 0.90466, "x_avg": 6.4}, {"side": "ask", "price": 78426.28, "vol": 4.32093, "x_avg": 30.57}], "cvd_delta": 0.9, "cvd_cumulative": -9.64, "spread_bps": 0.0, "depth_levels": 20}
{"ts": "2026-05-02T14:55:04.100529+00:00", "symbol": "BTCUSDT", "price": 78429.4, "dom_imbalance": 0.8281, "dom_bid_vol": 6.45, "dom_ask_vol": 0.61, "dom_walls": [{"side": "bid", "price": 78429.4, "vol": 5.57493, "x_avg": 31.6}, {"side": "ask", "price": 78429.41, "vol": 0.50509, "x_avg": 2.86}], "cvd_delta": 8.71, "cvd_cumulative": -0.93, "spread_bps": 0.0, "depth_levels": 20}
{"ts": "2026-05-02T14:55:39.942893+00:00", "symbol": "BTCUSDT", "price": 78431.39, "dom_imbalance": 0.9215, "dom_bid_vol": 13.1, "dom_ask_vol": 0.54, "dom_walls": [{"side": "bid", "price": 78431.38, "vol": 10.07745, "x_avg": 29.56}, {"side": "bid", "price": 78430.99, "vol": 0.98198, "x_avg": 2.88}], "cvd_delta": 6.01, "cvd_cumulative": 5.08, "spread_bps": 0.0, "depth_levels": 20}
{"ts": "2026-05-02T14:55:49.214258+00:00", "symbol": "BTCUSDT", "price": 78431.39, "dom_imbalance": 0.5953, "dom_bid_vol": 7.07, "dom_ask_vol": 1.79, "dom_walls": [{"side": "bid", "price": 78431.38, "vol": 5.51289, "x_avg": 24.89}, {"side": "ask", "price": 78431.39, "vol": 1.64349, "x_avg": 7.42}], "cvd_delta": 7.37, "cvd_cumulative": 5.41, "spread_bps": 0.0, "depth_levels": 20}
{"ts": "2026-05-02T14:56:10.417156+00:00", "symbol": "BTCUSDT", "price": 78431.39, "dom_imbalance": -0.6475, "dom_bid_vol": 0.82, "dom_ask_vol": 3.85, "dom_walls": [{"side": "ask", "price": 78431.39, "vol": 2.72066, "x_avg": 23.26}, {"side": "ask", "price": 78432.21, "vol": 0.90582, "x_avg": 7.75}], "cvd_delta": -13.75, "cvd_cumulative": -8.67, "spread_bps": 0.0, "depth_levels": 20}
{"ts": "2026-05-02T14:56:51.004926+00:00", "symbol": "BTCUSDT", "price": 78429.83, "dom_imbalance": -0.8881, "dom_bid_vol": 0.7, "dom_ask_vol": 11.74, "dom_walls": [{"side": "ask", "price": 78429.84, "vol": 8.45089, "x_avg": 27.18}, {"side": "ask", "price": 78429.85, "vol": 1.91618, "x_avg": 6.16}, {"side": "ask", "price": 78431.37, "vol": 0.98101, "x_avg": 3.16}], "cvd_delta": -7.38, "cvd_cumulative": -16.05, "spread_bps": 0.0, "depth_levels": 20}
{"ts": "2026-05-02T14:57:47.441962+00:00", "symbol": "BTCUSDT", "price": 78421.01, "dom_imbalance": 0.5012, "dom_bid_vol": 6.14, "dom_ask_vol": 2.04, "dom_walls": [{"side": "bid", "price": 78421.0, "vol": 5.68603, "x_avg": 27.79}, {"side": "ask", "price": 78421.01, "vol": 0.69845, "x_avg": 3.41}, {"side": "ask", "price": 78424.68, "vol": 0.697, "x_avg": 3.41}], "cvd_delta": 14.87, "cvd_cumulative": -1.18, "spread_bps": 0.0, "depth_levels": 20}
{"ts": "2026-05-02T14:57:50.454491+00:00", "symbol": "BTCUSDT", "price": 78421.01, "dom_imbalance": 0.1956, "dom_bid_vol": 6.15, "dom_ask_vol": 4.14, "dom_walls": [{"side": "bid", "price": 78421.0, "vol": 5.69294, "x_avg": 22.14}, {"side": "ask", "price": 78421.01, "vol": 0.67239, "x_avg": 2.61}, {"side": "ask", "price": 78421.61, "vol": 0.64381, "x_avg": 2.5}, {"side": "ask", "price": 78422.98, "vol": 1.91268, "x_avg": 7.44}, {"side": "ask", "price": 78424.68, "vol": 0.697, "x_avg": 2.71}], "cvd_delta": 1.15, "cvd_cumulative": 6.56, "spread_bps": 0.0, "depth_levels": 20}
{"ts": "2026-05-02T14:58:13.332870+00:00", "symbol": "BTCUSDT", "price": 78421.01, "dom_imbalance": 0.325, "dom_bid_vol": 6.45, "dom_ask_vol": 3.28, "dom_walls": [{"side": "bid", "price": 78421.0, "vol": 6.12247, "x_avg": 25.17}, {"side": "ask", "price": 78422.97, "vol": 0.58926, "x_avg": 2.42}, {"side": "ask", "price": 78422.98, "vol": 1.91254, "x_avg": 7.86}], "cvd_delta": 0.75, "cvd_cumulative": -0.43, "spread_bps": 0.0, "depth_levels": 20}
{"ts": "2026-05-02T14:58:57.768996+00:00", "symbol": "BTCUSDT", "price": 78426.24, "dom_imbalance": 0.323, "dom_bid_vol": 4.49, "dom_ask_vol": 2.3, "dom_walls": [{"side": "bid", "price": 78426.23, "vol": 3.76134, "x_avg": 22.15}, {"side": "ask", "price": 78426.24, "vol": 1.49528, "x_avg": 8.81}, {"side": "ask", "price": 78427.44, "vol": 0.6429, "x_avg": 3.79}], "cvd_delta": -4.07, "cvd_cumulative": -4.5, "spread_bps": 0.0, "depth_levels": 20}
{"ts": "2026-05-02T14:59:28.316289+00:00", "symbol": "BTCUSDT", "price": 78426.24, "dom_imbalance": -0.3309, "dom_bid_vol": 2.15, "dom_ask_vol": 4.27, "dom_walls": [{"side": "bid", "price": 78426.23, "vol": 1.73525, "x_avg": 10.81}, {"side": "ask", "price": 78426.24, "vol": 2.61552, "x_avg": 16.3}, {"side": "ask", "price": 78427.44, "vol": 1.40535, "x_avg": 8.76}], "cvd_delta": -2.61, "cvd_cumulative": -7.11, "spread_bps": 0.0, "depth_levels": 20}
{"ts": "2026-05-02T15:00:05.760278+00:00", "symbol": "BTCUSDT", "price": 78423.99, "dom_imbalance": 0.814, "dom_bid_vol": 8.55, "dom_ask_vol": 0.88, "dom_walls": [{"side": "bid", "price": 78423.98, "vol": 4.17653, "x_avg": 17.73}, {"side": "bid", "price": 78421.12, "vol": 2.02797, "x_avg": 8.61}, {"side": "bid", "price": 78421.11, "vol": 1.91254, "x_avg": 8.12}], "cvd_delta": -1.01, "cvd_cumulative": 5.55, "spread_bps": 0.0, "depth_levels": 20}
{"ts": "2026-05-02T15:00:08.843947+00:00", "symbol": "BTCUSDT", "price": 78423.99, "dom_imbalance": 0.8418, "dom_bid_vol": 8.53, "dom_ask_vol": 0.73, "dom_walls": [{"side": "bid", "price": 78423.98, "vol": 4.17623, "x_avg": 18.04}, {"side": "bid", "price": 78421.12, "vol": 2.02783, "x_avg": 8.76}, {"side": "bid", "price": 78421.11, "vol": 1.91254, "x_avg": 8.26}], "cvd_delta": 4.84, "cvd_cumulative": -2.27, "spread_bps": 0.0, "depth_levels": 20}
{"ts": "2026-05-02T15:01:04.433120+00:00", "symbol": "BTCUSDT", "price": 78423.99, "dom_imbalance": -0.6437, "dom_bid_vol": 1.45, "dom_ask_vol": 6.7, "dom_walls": [{"side": "bid", "price": 78423.98, "vol": 1.06751, "x_avg": 5.24}, {"side": "ask", "price": 78423.99, "vol": 2.36368, "x_avg": 11.6}, {"side": "ask", "price": 78425.06, "vol": 1.11756, "x_avg": 5.49}, {"side": "ask", "price": 78425.07, "vol": 2.80519, "x_avg": 13.77}], "cvd_delta": -5.18, "cvd_cumulative": -7.46, "spread_bps": 0.0, "depth_levels": 20}
{"ts": "2026-05-02T15:01:37.982761+00:00", "symbol": "BTCUSDT", "price": 78423.99, "dom_imbalance": 0.0466, "dom_bid_vol": 2.73, "dom_ask_vol": 2.48, "dom_walls": [{"side": "bid", "price": 78423.98, "vol": 2.19297, "x_avg": 16.84}, {"side": "ask", "price": 78423.99, "vol": 1.92556, "x_avg": 14.79}, {"side": "ask", "price": 78426.24, "vol": 0.27951, "x_avg": 2.15}], "cvd_delta": 1.68, "cvd_cumulative": -5.77, "spread_bps": 0.0, "depth_levels": 20}
{"ts": "2026-05-02T15:02:08.386984+00:00", "symbol": "BTCUSDT", "price": 78423.99, "dom_imbalance": -0.5949, "dom_bid_vol": 1.72, "dom_ask_vol": 6.76, "dom_walls": [{"side": "bid", "price": 78423.98, "vol": 1.25739, "x_avg": 5.93}, {"side": "ask", "price": 78423.99, "vol": 2.28441, "x_avg": 10.77}, {"side": "ask", "price": 78424.98, "vol": 1.03623, "x_avg": 4.89}, {"side": "ask", "price": 78424.99, "vol": 2.80533, "x_avg": 13.23}], "cvd_delta": -1.46, "cvd_cumulative": -7.24, "spread_bps": 0.0, "depth_levels": 20}
{"ts": "2026-05-02T15:02:10.181958+00:00", "symbol": "BTCUSDT", "price": 78423.99, "dom_imbalance": -0.6447, "dom_bid_vol": 1.46, "dom_ask_vol": 6.76, "dom_walls": [{"side": "bid", "price": 78423.98, "vol": 1.05048, "x_avg": 5.11}, {"side": "ask", "price": 78423.99, "vol": 2.28338, "x_avg": 11.11}, {"side": "ask", "price": 78424.98, "vol": 1.03623, "x_avg": 5.04}, {"side": "ask", "price": 78424.99, "vol": 2.80533, "x_avg": 13.64}], "cvd_delta": -5.29, "cvd_cumulative": 0.26, "spread_bps": 0.0, "depth_levels": 20}
{"ts": "2026-05-02T15:02:48.902477+00:00", "symbol": "BTCUSDT", "price": 78423.99, "dom_imbalance": -0.0465, "dom_bid_vol": 5.93, "dom_ask_vol": 6.51, "dom_walls": [{"side": "bid", "price": 78423.98, "vol": 0.94767, "x_avg": 3.05}, {"side": "bid", "price": 78423.0, "vol": 4.55878, "x_avg": 14.66}, {"side": "ask", "price": 78423.99, "vol": 1.99722, "x_avg": 6.42}, {"side": "ask", "price": 78424.98, "vol": 1.03623, "x_avg": 3.33}, {"side": "ask", "price": 78424.99, "vol": 2.80533, "x_avg": 9.02}], "cvd_delta": 0.02, "cvd_cumulative": -7.22, "spread_bps": 0.0, "depth_levels": 20}
{"ts": "2026-05-02T15:03:42.588617+00:00", "symbol": "BTCUSDT", "price": 78423.99, "dom_imbalance": 0.1279, "dom_bid_vol": 7.95, "dom_ask_vol": 6.15, "dom_walls": [{"side": "bid", "price": 78423.98, "vol": 2.77697, "x_avg": 7.88}, {"side": "bid", "price": 78423.0, "vol": 4.55878, "x_avg": 12.93}, {"side": "ask", "price": 78423.99, "vol": 1.9281, "x_avg": 5.47}, {"side": "ask", "price": 78424.94, "vol": 0.70918, "x_avg": 2.01}, {"side": "ask", "price": 78424.96, "vol": 2.80519, "x_avg": 7.96}], "cvd_delta": 1.77, "cvd_cumulative": -5.44, "spread_bps": 0.0, "depth_levels": 20}
{"ts": "2026-05-02T15:04:13.028935+00:00", "symbol": "BTCUSDT", "price": 78423.99, "dom_imbalance": 0.828, "dom_bid_vol": 9.93, "dom_ask_vol": 0.93, "dom_walls": [{"side": "bid", "price": 78423.98, "vol": 3.11012, "x_avg": 11.46}, {"side": "bid", "price": 78423.01, "vol": 1.74399, "x_avg": 6.42}, {"side": "bid", "price": 78423.0, "vol": 4.55878, "x_avg": 16.79}], "cvd_delta": 1.86, "cvd_cumulative": -3.58, "spread_bps": 0.0, "depth_levels": 20}
{"ts": "2026-05-02T15:04:14.514008+00:00", "symbol": "BTCUSDT", "price": 78423.99, "dom_imbalance": 0.8679, "dom_bid_vol": 11.48, "dom_ask_vol": 0.81, "dom_walls": [{"side": "bid", "price": 78423.98, "vol": 4.32276, "x_avg": 14.07}, {"side": "bid", "price": 78423.01, "vol": 1.56206, "x_avg": 5.09}, {"side": "bid", "price": 78423.0, "vol": 4.55878, "x_avg": 14.84}], "cvd_delta": 5.21, "cvd_cumulative": 5.47, "spread_bps": 0.0, "depth_levels": 20}
{"ts": "2026-05-02T15:04:53.707146+00:00", "symbol": "BTCUSDT", "price": 78432.99, "dom_imbalance": 0.7664, "dom_bid_vol": 6.29, "dom_ask_vol": 0.83, "dom_walls": [{"side": "bid", "price": 78432.99, "vol": 5.30997, "x_avg": 29.83}, {"side": "bid", "price": 78432.74, "vol": 0.37814, "x_avg": 2.12}, {"side": "ask", "price": 78433.0, "vol": 0.7374, "x_avg": 4.14}], "cvd_delta": 2.57, "cvd_cumulative": -1.02, "spread_bps": 0.0, "depth_levels": 20}
{"ts": "2026-05-02T15:05:49.079796+00:00", "symbol": "BTCUSDT", "price": 78433.01, "dom_imbalance": 0.6082, "dom_bid_vol": 7.11, "dom_ask_vol": 1.73, "dom_walls": [{"side": "bid", "price": 78433.0, "vol": 6.24137, "x_avg": 28.23}, {"side": "bid", "price": 78432.99, "vol": 0.59131, "x_avg": 2.67}, {"side": "ask", "price": 78433.01, "vol": 1.3286, "x_avg": 6.01}], "cvd_delta": 0.36, "cvd_cumulative": -0.65, "spread_bps": 0.0, "depth_levels": 20}
{"ts": "2026-05-02T15:06:06.378433+00:00", "symbol": "BTCUSDT", "price": 78433.01, "dom_imbalance": 0.2599, "dom_bid_vol": 6.06, "dom_ask_vol": 3.56, "dom_walls": [{"side": "bid", "price": 78433.0, "vol": 5.50719, "x_avg": 22.91}, {"side": "ask", "price": 78433.01, "vol": 0.5759, "x_avg": 2.4}, {"side": "ask", "price": 78435.84, "vol": 1.13815, "x_avg": 4.73}, {"side": "ask", "price": 78435.85, "vol": 1.75961, "x_avg": 7.32}], "cvd_delta": 1.09, "cvd_cumulative": 6.56, "spread_bps": 0.0, "depth_levels": 20}
{"ts": "2026-05-02T15:06:09.723201+00:00", "symbol": "BTCUSDT", "price": 78433.01, "dom_imbalance": 0.4036, "dom_bid_vol": 5.84, "dom_ask_vol": 2.48, "dom_walls": [{"side": "bid", "price": 78433.0, "vol": 5.50512, "x_avg": 26.48}, {"side": "ask", "price": 78433.01, "vol": 0.62762, "x_avg": 3.02}, {"side": "ask", "price": 78435.85, "vol": 1.75961, "x_avg": 8.46}], "cvd_delta": -0.55, "cvd_cumulative": -1.2, "spread_bps": 0.0, "depth_levels": 20}
{"ts": "2026-05-02T15:07:06.183139+00:00", "symbol": "BTCUSDT", "price": 78465.04, "dom_imbalance": -0.1219, "dom_bid_vol": 2.45, "dom_ask_vol": 3.13, "dom_walls": [{"side": "bid", "price": 78465.04, "vol": 1.5421, "x_avg": 11.05}, {"side": "ask", "price": 78465.05, "vol": 2.83623, "x_avg": 20.32}], "cvd_delta": -6.13, "cvd_cumulative": -7.33, "spread_bps": 0.0, "depth_levels": 20}
{"ts": "2026-05-02T15:07:34.755041+00:00", "symbol": "BTCUSDT", "price": 78479.99, "dom_imbalance": -0.5616, "dom_bid_vol": 0.91, "dom_ask_vol": 3.23, "dom_walls": [{"side": "bid", "price": 78479.99, "vol": 0.34139, "x_avg": 3.3}, {"side": "ask", "price": 78480.0, "vol": 2.92023, "x_avg": 28.23}], "cvd_delta": -1.41, "cvd_cumulative": -8.74, "spread_bps": 0.0, "depth_levels": 20}
{"ts": "2026-05-02T15:08:05.517333+00:00", "symbol": "BTCUSDT", "price": 78472.01, "dom_imbalance": -0.7196, "dom_bid_vol": 1.23, "dom_ask_vol": 7.54, "dom_walls": [{"side": "bid", "price": 78472.0, "vol": 1.05797, "x_avg": 4.83}, {"side": "ask", "price": 78472.01, "vol": 3.99061, "x_avg": 18.21}, {"side": "ask", "price": 78472.13, "vol": 0.85692, "x_avg": 3.91}, {"side": "ask", "price": 78472.14, "vol": 1.9516, "x_avg": 8.91}, {"side": "ask", "price": 78472.15, "vol": 0.49136, "x_avg": 2.24}], "cvd_delta": -3.14, "cvd_cumulative": -11.89, "spread_bps": 0.0, "depth_levels": 20}
{"ts": "2026-05-02T15:08:09.074888+00:00", "symbol": "BTCUSDT", "price": 78472.01, "dom_imbalance": -0.7601, "dom_bid_vol": 1.09, "dom_ask_vol": 8.02, "dom_walls": [{"side": "bid", "price": 78472.0, "vol": 0.92205, "x_avg": 4.05}, {"side": "ask", "price": 78472.01, "vol": 4.47572, "x_avg": 19.64}, {"side": "ask", "price": 78472.13, "vol": 0.85692, "x_avg": 3.76}, {"side": "ask", "price": 78472.14, "vol": 1.9516, "x_avg": 8.57}, {"side": "ask", "price": 78472.15, "vol": 0.49136, "x_avg": 2.16}], "cvd_delta": -11.36, "cvd_cumulative": -4.8, "spread_bps": 0.0, "depth_levels": 20}
{"ts": "2026-05-02T15:08:46.275168+00:00", "symbol": "BTCUSDT", "price": 78459.77, "dom_imbalance": -0.832, "dom_bid_vol": 0.74, "dom_ask_vol": 8.05, "dom_walls": [{"side": "bid", "price": 78459.77, "vol": 0.46791, "x_avg": 2.13}, {"side": "ask", "price": 78459.78, "vol": 4.54381, "x_avg": 20.69}, {"side": "ask", "price": 78460.71, "vol": 0.69544, "x_avg": 3.17}, {"side": "ask", "price": 78460.78, "vol": 1.75961, "x_avg": 8.01}], "cvd_delta": 1.61, "cvd_cumulative": -10.28, "spread_bps": 0.0, "depth_levels": 20}
{"ts": "2026-05-02T15:09:46.488547+00:00", "symbol": "BTCUSDT", "price": 78442.01, "dom_imbalance": -0.6594, "dom_bid_vol": 1.32, "dom_ask_vol": 6.45, "dom_walls": [{"side": "bid", "price": 78442.0, "vol": 0.86522, "x_avg": 4.45}, {"side": "ask", "price": 78442.01, "vol": 1.60473, "x_avg": 8.26}, {"side": "ask", "price": 78442.5, "vol": 1.44055, "x_avg": 7.41}, {"side": "ask", "price": 78443.64, "vol": 2.80519, "x_avg": 14.43}], "cvd_delta": 3.35, "cvd_cumulative": -6.93, "spread_bps": 0.0, "depth_levels": 20}
{"ts": "2026-05-02T15:10:14.225531+00:00", "symbol": "BTCUSDT", "price": 78442.01, "dom_imbalance": -0.716, "dom_bid_vol": 1.38, "dom_ask_vol": 8.31, "dom_walls": [{"side": "bid", "price": 78442.0, "vol": 0.98625, "x_avg": 4.07}, {"side": "ask", "price": 78442.01, "vol": 1.75119, "x_avg": 7.23}, {"side": "ask", "price": 78442.5, "vol": 1.44055, "x_avg": 5.95}, {"side": "ask", "price": 78443.64, "vol": 2.80519, "x_avg": 11.58}, {"side": "ask", "price": 78445.23, "vol": 1.85405, "x_avg": 7.65}], "cvd_delta": 5.56, "cvd_cumulative": 0.76, "spread_bps": 0.0, "depth_levels": 20}
{"ts": "2026-05-02T15:10:21.855932+00:00", "symbol": "BTCUSDT", "price": 78442.01, "dom_imbalance": -0.6417, "dom_bid_vol": 1.75, "dom_ask_vol": 8.0, "dom_walls": [{"side": "bid", "price": 78442.0, "vol": 1.64008, "x_avg": 6.73}, {"side": "ask", "price": 78442.01, "vol": 1.44285, "x_avg": 5.92}, {"side": "ask", "price": 78442.5, "vol": 1.44055, "x_avg": 5.91}, {"side": "ask", "price": 78443.64, "vol": 2.80519, "x_avg": 11.51}, {"side": "ask", "price": 78445.23, "vol": 1.85405, "x_avg": 7.61}], "cvd_delta": 0.94, "cvd_cumulative": -5.99, "spread_bps": 0.0, "depth_levels": 20}
{"ts": "2026-05-02T15:10:42.414197+00:00", "symbol": "BTCUSDT", "price": 78440.8, "dom_imbalance": -0.946, "dom_bid_vol": 0.32, "dom_ask_vol": 11.66, "dom_walls": [{"side": "ask", "price": 78440.81, "vol": 4.00002, "x_avg": 13.36}, {"side": "ask", "price": 78441.18, "vol": 1.27078, "x_avg": 4.24}, {"side": "ask", "price": 78441.2, "vol": 0.94613, "x_avg": 3.16}, {"side": "ask", "price": 78442.0, "vol": 2.24465, "x_avg": 7.49}, {"side": "ask", "price": 78442.01, "vol": 1.01701, "x_avg": 3.4}, {"side": "ask", "price": 78443.63, "vol": 1.53549, "x_avg": 5.13}], "cvd_delta": -5.33, "cvd_cumulative": -11.32, "spread_bps": 0.0, "depth_levels": 20}
{"ts": "2026-05-02T15:11:24.022220+00:00", "symbol": "BTCUSDT", "price": 78435.26, "dom_imbalance": -0.7071, "dom_bid_vol": 1.07, "dom_ask_vol": 6.27, "dom_walls": [{"side": "bid", "price": 78435.25, "vol": 0.91628, "x_avg": 4.99}, {"side": "ask", "price": 78435.26, "vol": 5.62454, "x_avg": 30.65}], "cvd_delta": 0.32, "cvd_cumulative": -11.0, "spread_bps": 0.0, "depth_levels": 20}
{"ts": "2026-05-02T15:12:05.075324+00:00", "symbol": "BTCUSDT", "price": 78435.26, "dom_imbalance": -0.2852, "dom_bid_vol": 1.9, "dom_ask_vol": 3.42, "dom_walls": [{"side": "bid", "price": 78435.25, "vol": 1.74573, "x_avg": 13.12}, {"side": "ask", "price": 78435.26, "vol": 3.0524, "x_avg": 22.94}], "cvd_delta": 3.46, "cvd_cumulative": -7.54, "spread_bps": 0.0, "depth_levels": 20}
{"ts": "2026-05-02T15:12:24.849879+00:00", "symbol": "BTCUSDT", "price": 78435.26, "dom_imbalance": 0.5983, "dom_bid_vol": 3.48, "dom_ask_vol": 0.87, "dom_walls": [{"side": "bid", "price": 78435.25, "vol": 2.99045, "x_avg": 27.46}, {"side": "ask", "price": 78435.26, "vol": 0.48543, "x_avg": 4.46}, {"side": "ask", "price": 78439.6, "vol": 0.23096, "x_avg": 2.12}], "cvd_delta": 3.35, "cvd_cumulative": 4.11, "spread_bps": 0.0, "depth_levels": 20}
{"ts": "2026-05-02T15:13:04.180181+00:00", "symbol": "BTCUSDT", "price": 78435.26, "dom_imbalance": 0.0897, "dom_bid_vol": 2.22, "dom_ask_vol": 1.86, "dom_walls": [{"side": "bid", "price": 78435.25, "vol": 1.96515, "x_avg": 19.25}, {"side": "ask", "price": 78435.26, "vol": 0.95537, "x_avg": 9.36}, {"side": "ask", "price": 78436.48, "vol": 0.20481, "x_avg": 2.01}], "cvd_delta": 2.28, "cvd_cumulative": -5.26, "spread_bps": 0.0, "depth_levels": 20}
{"ts": "2026-05-02T15:13:25.375709+00:00", "symbol": "BTCUSDT", "price": 78435.26, "dom_imbalance": -0.3287, "dom_bid_vol": 1.94, "dom_ask_vol": 3.83, "dom_walls": [{"side": "bid", "price": 78435.25, "vol": 1.77681, "x_avg": 12.32}, {"side": "ask", "price": 78435.26, "vol": 1.04298, "x_avg": 7.23}, {"side": "ask", "price": 78435.47, "vol": 0.71045, "x_avg": 4.93}, {"side": "ask", "price": 78437.19, "vol": 1.75961, "x_avg": 12.2}], "cvd_delta": -0.33, "cvd_cumulative": -5.59, "spread_bps": 0.0, "depth_levels": 20}
{"ts": "2026-05-02T15:14:06.816597+00:00", "symbol": "BTCUSDT", "price": 78435.26, "dom_imbalance": 0.2073, "dom_bid_vol": 2.68, "dom_ask_vol": 1.76, "dom_walls": [{"side": "bid", "price": 78435.25, "vol": 2.2955, "x_avg": 20.71}, {"side": "ask", "price": 78435.26, "vol": 1.51213, "x_avg": 13.64}], "cvd_delta": 0.16, "cvd_cumulative": -5.43, "spread_bps": 0.0, "depth_levels": 20}
{"ts": "2026-05-02T15:14:18.356495+00:00", "symbol": "BTCUSDT", "price": 78435.26, "dom_imbalance": 0.2846, "dom_bid_vol": 2.6, "dom_ask_vol": 1.45, "dom_walls": [{"side": "bid", "price": 78435.25, "vol": 2.24817, "x_avg": 22.2}, {"side": "ask", "price": 78435.26, "vol": 1.21981, "x_avg": 12.04}], "cvd_delta": -1.58, "cvd_cumulative": 2.53, "spread_bps": 0.0, "depth_levels": 20}
{"ts": "2026-05-02T15:14:48.032491+00:00", "symbol": "BTCUSDT", "price": 78435.26, "dom_imbalance": 0.1426, "dom_bid_vol": 2.77, "dom_ask_vol": 2.08, "dom_walls": [{"side": "bid", "price": 78435.25, "vol": 2.48841, "x_avg": 20.55}, {"side": "ask", "price": 78435.26, "vol": 1.78958, "x_avg": 14.78}], "cvd_delta": -0.15, "cvd_cumulative": -5.58, "spread_bps": 0.0, "depth_levels": 20}
{"ts": "2026-05-02T15:15:29.114741+00:00", "symbol": "BTCUSDT", "price": 78435.26, "dom_imbalance": 0.2764, "dom_bid_vol": 2.64, "dom_ask_vol": 1.49, "dom_walls": [{"side": "bid", "price": 78435.25, "vol": 2.22949, "x_avg": 21.58}, {"side": "ask", "price": 78435.26, "vol": 1.13779, "x_avg": 11.01}], "cvd_delta": 0.44, "cvd_cumulative": -5.14, "spread_bps": 0.0, "depth_levels": 20}
{"ts": "2026-05-02T15:16:10.718856+00:00", "symbol": "BTCUSDT", "price": 78435.26, "dom_imbalance": 0.1022, "dom_bid_vol": 2.44, "dom_ask_vol": 1.99, "dom_walls": [{"side": "bid", "price": 78435.25, "vol": 2.13782, "x_avg": 19.34}, {"side": "ask", "price": 78435.26, "vol": 1.50426, "x_avg": 13.61}], "cvd_delta": -0.53, "cvd_cumulative": -5.67, "spread_bps": 0.0, "depth_levels": 20}
{"ts": "2026-05-02T15:16:21.736339+00:00", "symbol": "BTCUSDT", "price": 78432.54, "dom_imbalance": -0.9416, "dom_bid_vol": 0.27, "dom_ask_vol": 9.02, "dom_walls": [{"side": "ask", "price": 78432.54, "vol": 6.29268, "x_avg": 27.08}, {"side": "ask", "price": 78435.25, "vol": 0.76105, "x_avg": 3.28}, {"side": "ask", "price": 78435.26, "vol": 1.46373, "x_avg": 6.3}], "cvd_delta": -7.09, "cvd_cumulative": -4.57, "spread_bps": 0.0, "depth_levels": 20}
{"ts": "2026-05-02T15:16:52.092637+00:00", "symbol": "BTCUSDT", "price": 78402.29, "dom_imbalance": -0.9221, "dom_bid_vol": 0.7, "dom_ask_vol": 17.34, "dom_walls": [{"side": "ask", "price": 78402.29, "vol": 5.65236, "x_avg": 12.53}, {"side": "ask", "price": 78402.3, "vol": 4.51796, "x_avg": 10.01}, {"side": "ask", "price": 78403.67, "vol": 1.54337, "x_avg": 3.42}, {"side": "ask", "price": 78405.8, "vol": 2.80505, "x_avg": 6.22}, {"side": "ask", "price": 78405.82, "vol": 2.09317, "x_avg": 4.64}], "cvd_delta": -11.0, "cvd_cumulative": -16.67, "spread_bps": 0.0, "depth_levels": 20}
{"ts": "2026-05-02T15:17:33.277178+00:00", "symbol": "BTCUSDT", "price": 78388.01, "dom_imbalance": -0.306, "dom_bid_vol": 2.35, "dom_ask_vol": 4.43, "dom_walls": [{"side": "bid", "price": 78388.0, "vol": 1.85198, "x_avg": 10.93}, {"side": "ask", "price": 78388.01, "vol": 1.73411, "x_avg": 10.23}, {"side": "ask", "price": 78389.69, "vol": 0.65371, "x_avg": 3.86}, {"side": "ask", "price": 78389.7, "vol": 1.75961, "x_avg": 10.38}], "cvd_delta": 10.55, "cvd_cumulative": -6.12, "spread_bps": 0.0, "depth_levels": 20}
{"ts": "2026-05-02T15:18:14.595149+00:00", "symbol": "BTCUSDT", "price": 78387.99, "dom_imbalance": -0.8115, "dom_bid_vol": 1.34, "dom_ask_vol": 12.87, "dom_walls": [{"side": "bid", "price": 78387.99, "vol": 1.11766, "x_avg": 3.15}, {"side": "ask", "price": 78388.0, "vol": 6.00644, "x_avg": 16.91}, {"side": "ask", "price": 78388.01, "vol": 0.75321, "x_avg": 2.12}, {"side": "ask", "price": 78389.67, "vol": 1.38648, "x_avg": 3.9}, {"side": "ask", "price": 78389.68, "vol": 2.80519, "x_avg": 7.9}, {"side": "ask", "price": 78389.7, "vol": 1.75961, "x_avg": 4.95}], "cvd_delta": -5.73, "cvd_cumulative": -11.85, "spread_bps": 0.0, "depth_levels": 20}
{"ts": "2026-05-02T15:18:24.813838+00:00", "symbol": "BTCUSDT", "price": 78387.99, "dom_imbalance": -0.5679, "dom_bid_vol": 1.84, "dom_ask_vol": 6.68, "dom_walls": [{"side": "bid", "price": 78387.99, "vol": 1.42873, "x_avg": 6.7}, {"side": "ask", "price": 78388.0, "vol": 3.55393, "x_avg": 16.68}, {"side": "ask", "price": 78388.01, "vol": 0.57453, "x_avg": 2.7}, {"side": "ask", "price": 78389.65, "vol": 0.5523, "x_avg": 2.59}, {"side": "ask", "price": 78389.66, "vol": 1.75961, "x_avg": 8.26}], "cvd_delta": 3.41, "cvd_cumulative": -1.15, "spread_bps": 0.0, "depth_levels": 20}
{"ts": "2026-05-02T15:18:55.764055+00:00", "symbol": "BTCUSDT", "price": 78382.33, "dom_imbalance": -0.8362, "dom_bid_vol": 0.82, "dom_ask_vol": 9.15, "dom_walls": [{"side": "ask", "price": 78382.34, "vol": 5.14417, "x_avg": 20.64}, {"side": "ask", "price": 78384.16, "vol": 0.824, "x_avg": 3.31}, {"side": "ask", "price": 78384.17, "vol": 1.75961, "x_avg": 7.06}, {"side": "ask", "price": 78384.18, "vol": 1.19916, "x_avg": 4.81}], "cvd_delta": 0.91, "cvd_cumulative": -10.94, "spread_bps": 0.0, "depth_levels": 20}
